2476 3914
94 176 145 229 XX
380 172 630 230 Commentariolus
648 172 817 242 isagogicus.

94 316 246 387 prudentia
265 318 293 370 et
312 314 462 386 diligentia
480 315 620 384 agendum
645 313 694 384 sit,
714 331 776 368 cum
801 312 885 367 huius
909 311 1001 382 operis
1024 329 1109 367 voca-

94 397 162 451 bula
180 396 350 451 arbitrorum
366 395 428 450 loco
448 395 552 449 auxilio
567 394 741 464 arcessimus,
756 393 804 448 vix
818 395 862 447 est
876 393 951 462 quod
965 409 1106 448 moneam.

166 477 312 531 Librorum
338 474 566 544 antiquissimum
587 473 737 542 vestigium
762 477 827 543 post
844 473 1045 528 Palaemonem
1066 473 1110 526 in-

95 556 207 611 venitur
235 558 311 628 apud
329 554 535 624 Quintilianum
556 555 587 608 in
610 571 642 608 1ο
665 553 758 624 capite
782 554 858 623 quod
882 556 926 608 est
945 553 996 607 ‘de
1015 570 1109 624 gram-

96 636 212 690 matica’
233 637 256 704 (I
274 638 364 707 4-8).
399 634 562 704 Nettleship
589 635 693 705 (Journ.
720 634 752 689 of
776 633 845 703 phil.
865 634 916 688 XV
935 637 998 702 200)
1026 636 1112 702 putat

96 715 218 785 priorem
235 720 346 786 partem
364 715 447 769 huius
466 714 608 785 11111111
623 718 648 786 (5
664 717 761 784 ’1-17)
776 716 805 769 11
819 714 921 784 capitis
937 719 952 768 1
967 717 994 785 (5
1008 716 1109 784 4-28)

95 797 194 866 paucis
218 796 341 867 exceptis
365 812 383 849 a
400 795 492 850 Verrii
511 794 604 850 Flacci
627 812 709 865 opere
735 796 781 849 ‘de
802 793 1022 865 Orthographia’
1050 809 1110 850 esse

99 879 202 948 ortam;
225 877 302 931 idem
326 874 471 930 contendit
492 874 559 929 libri
577 875 590 927 1
609 878 728 945 caputb
753 881 767 941 5
788 875 905 928 54-16
926 880 940 940 5
960 880 994 929 28
1017 873 1110 930 Plinio

97 957 277 1010 tribuendum
305 971 374 1010 esse.
410 955 509 1023 Neque
532 958 629 1009 tamen
646 955 760 1010 Venius
784 953 913 1024 proprius
937 957 1035 1009 auctor
1058 957 1109 1024 est,

99 1037 148 1091 sed
166 1052 217 1104 per
235 1038 325 1089 artem
343 1034 530 1103 Palaemonis,
548 1035 679 1104 magistri
698 1034 866 1101 Quintiliani
884 1037 917 1088 ut
934 1034 1056 1104 videtur,
1075 1051 1108 1089 ex

98 1132 203 1184 magna
220 1117 301 1184 parte
320 1116 350 1169 in
365 1114 534 1180 Quintiliani
551 1114 656 1169 librum
669 1114 784 1170 transiit
797 1116 868 1168 haec
882 1114 1011 1169 doctrina
1028 1116 1108 1186 (ibid.

98 1214 126 1265 p.
138 1197 207 1266 211).
231 1196 292 1250 Hoc
306 1198 380 1251 recte
394 1195 499 1249 vidisse
512 1194 603 1248 virum
617 1196 652 1250 dc
665 1194 769 1250 litteris
783 1193 880 1248 latinis
890 1195 961 1249 bene
970 1195 1110 1267 meritum,

98 1275 213 1346 lugubri
240 1276 312 1331 eheu
342 1275 501 1345 nuperrime
528 1274 588 1329 fato
616 1292 680 1329 cum
705 1292 808 1343 magno
836 1274 988 1329 multorum
1015 1276 1111 1332 dolore

99 1356 180 1410 nobis
200 1358 339 1427 ereptum,
358 1373 439 1411 nemo
463 1373 519 1411 non
536 1355 617 1410 vidit.
654 1356 769 1409 Praeter
792 1371 917 1422 eaquae
936 1354 985 1411 ille
1004 1356 1111 1425 profert

99 1440 273 1507 argumenta,
294 1437 352 1491 alia
370 1440 436 1491 sunt
454 1437 531 1491 haud
550 1453 617 1491 sane
638 1436 802 1505 spernenda.
838 1435 945 1489 Extant
967 1434 1028 1491 illic
1047 1454 1111 1508 pro·

98 1516 172 1572 fecto
186 1517 406 1572 Palaemoniana
420 1518 464 1588 (cf.
475 1516 636 1587 Marschall,
652 1517 686 1570 de
696 1515 874 1570 Palaemonis
887 1514 968 1570 libris
983 1533 1111 1588 gramm,

99 1596 213 1665 Lipsiae
233 1602 301 1651 1887
320 1616 348 1666 p.
364 1601 457 1668 9sq.),
486 1599 584 1651 extant
610 1596 679 1651 item
705 1596 849 1664 Pliniana,
877 1596 1004 1665 adeoque
1022 1597 1112 1653 mixta

99 1679 172 1744 sunt,
187 1679 219 1730 ut
236 1694 293 1730 non
311 1677 395 1732 facile
415 1695 448 1731 ea
467 1677 571 1745 ubique
590 1676 729 1746 seiungas.
758 1677 874 1729 Manum
887 1675 973 1731 Plinii
988 1694 1111 1747 agnosco

101 1771 124 1809 1.
140 1773 166 1824 g.
186 1756 246 1824 16,
266 1760 334 1820 563
357 1755 388 1809 in
409 1756 522 1811 nominc
542 1758 570 1811 C.
591 1756 718 1810 Caesaris
741 1757 787 1826 (de
810 1754 890 1810 libris
914 1757 1048 1826 analogia
1066 1759 1113 1831 II),

99 1837 127 1889 et
144 1835 174 1887 in
193 1834 237 1905 iis,
256 1852 328 1902 quae
348 1840 515 1903 sequuntur:
536 1837 602 1890 ‘sed
622 1835 820 1891 auctoritatem
839 1836 1011 1891 consuetudo
1029 1854 1113 1908 supe·

98 1915 200 1984 ravit',
228 1914 395 1983 quibuscum
423 1915 550 1970 conferas
579 1916 627 1972 Ch.
644 1922 686 1986 79,
701 1921 730 1971 3:
760 1915 825 1969 ‘sed
850 1915 940 1969 multa
963 1915 1021 1970 iam
1047 1935 1113 1973 con-

99 1995 246 2049 suetudine
275 1995 415 2063 superari’
445 1994 597 2066 (Pliniana)
624 1998 653 2050 et
681 1996 864 2065 Ch.127,18
891 1996 925 2050 de
954 1997 1054 2051 eadem
1081 2015 1112 2052 re

86 2073 346 2131 .‘consuetudinem
374 2074 469 2130 dicens
498 2075 626 2146 (Plinius)
654 2076 746 2130 facere
773 2075 846 2129 hanc
874 2075 1005 2147 Callisto,
1037 2077 1112 2132 hanc

102 2156 242 2227 Calypsc’.
266 2155 338 2210 Tum
351 2155 448 2225 magni
461 2155 547 2225 pretii
560 2159 626 2210 sunt
635 2159 771 2225 auctores,
786 2174 855 2224 quos
866 2155 1056 2221 Quintilianus
1065 2157 1112 2214 hic

100 2237 160 2292 illic
178 2237 273 2307 tangit
291 2254 338 2292 eos
357 2236 429 2306 dico,
445 2236 493 2306 qui
506 2236 537 2290 in
550 2236 630 2291 libris
645 2235 712 2291 solis
727 2235 807 2290 dubii
821 2236 955 2290 sermonis
969 2253 1021 2292 nec
1036 2239 1115 2308 apud

101 2318 172 2372 alios
194 2318 395 2389 grammaticos
418 2317 598 2373 inveniuntur
620 2317 699 2372 velut
716 2316 857 2371 labienus
880 2316 910 2369 in
933 2316 1061 2373 oratione
1084 2319 1114 2372 in

99 2399 252 2453 Pollionem
282 2399 306 2467 (l
325 2403 349 2468 ὅ,
364 2401 391 2468 8)
420 2398 464 2469 (cf.
489 2398 588 2454 Philol.
603 2399 642 2452 VI
661 2403 686 2464 3,
701 2399 776 2466 508),
805 2399 834 2451 11
862 2395 979 2450 Sisenna
1006 2396 1114 2468 (Quint.

98 2479 112 2532 I
131 2481 216 2548 5,14)
235 2480 264 2531 11
281 2478 404 2532 Messala
424 2480 448 2549 (l
468 2482 552 2549 111)
570 2481 600 2533 11
618 2479 706 2532 Varro
733 2476 774 2529 ‘in
793 2492 826 2530 eo
845 2475 931 2546 libro,
951 2493 1005 2544 quo
1028 2474 1116 2533 initia

100 2557 177 2612 urbis
196 2557 350 2612 Romanae’
377 2561 491 2612 enarrat
509 2559 532 2628 (1
550 2565 575 2628 6,
592 2560 645 2625 12).
682 2557 742 2610 Hoc
764 2574 850 2609 unum
873 2557 970 2610 tamen
991 2572 1115 2626 pronun-

100 2639 172 2692 tiare
190 2638 259 2692 licet
276 2638 480 2705 Quintilianum
499 2655 533 2693 ex
551 2637 721 2706 quibusdam
744 2635 824 2689 libris
848 2635 944 2706 (Plinii
967 2637 995 2690 11
1013 2635 1115 2693 Palae·

100 2717 203 2788 monis)
221 2717 292 2773 haec
310 2718 406 2787 capita
424 2719 627 2788 composuisse,
646 2718 679 2772 ut
704 2715 734 2770 in
757 2716 945 2770 confirmando
969 2731 1015 2786 ea,
1040 2732 1114 2782 quae

100 2799 175 2852 certo
196 2798 306 2868 scimus,
326 2798 421 2854 idonei
440 2798 496 2852 sint
518 2800 620 2867 testes,
638 2797 668 2850 in
690 2796 858 2865 fragmentis
877 2795 947 2866 ipsis
966 2794 1113 2865 expiscan-

102 2876 146 2929 dis
161 2880 190 2931 et
208 2877 410 2932 distribuendis
428 2896 485 2932 non
502 2878 624 2931 multum
641 2877 763 2932 valeant.
801 2877 869 2930 lnde
888 2876 924 2929 ad
942 2877 975 2931 A.
990 2875 1114 2930 Gellium

100 2957 265 3026 transimus,
289 2957 338 3025 qui
360 2957 446 3011 Plinii
467 2957 555 3012 libros
578 2956 659 3011 dubii
682 2956 816 3011 sermonis
839 2957 933 3026 legere
960 2956 1055 3026 potuit
1084 2960 1114 3011 et

101 3035 173 3107 legit
190 3036 318 3108 fortasse,
338 3038 362 3091 si
381 3038 495 3106 quidem
508 3037 559 3091 illa
574 3054 608 3092 111
622 3036 651 3093 C.
668 3035 794 3092 Caesaris
814 3036 849 3090 de
868 3035 1017 3106 analogiae
1031 3036 1112 3092 libris

101 3120 214 3186 sumpta
232 3117 395 3172 testimonia
413 3135 470 3173 non
488 3117 538 3171 alii
558 3116 666 3171 auctori
685 3118 750 3170 sunt
768 3115 926 3172 tribuenda.
957 3117 999 3171 De
1013 3118 1066 3170 hac
1082 3134 1113 3171 re

102 3197 254 3266 conscripsi
273 3197 373 3251 Studia
391 3214 455 3253 mea
469 3197 599 3253 Gelliana
618 3199 647 3252 11
659 3194 799 3266 Pliniana,
814 3197 843 3250 11
861 3197 930 3264 quid
947 3197 1001 3251 hcc
1015 3196 1113 3251 libello

103 3277 212 3332 efficere
232 3277 387 3331 studuerim
406 3295 439 3332 ex
456 3278 511 3331 hae
530 3276 653 3332 editione
672 3278 799 3346 apparet.
828 3278 928 3345 Itaque
947 3277 1022 3344 quod
1037 3276 1114 3331 valet

101 3358 132 3412 in
150 3358 366 3428 Quintilianum,
387 3358 464 3413 idem
481 3357 560 3413 valet
577 3357 607 3411 in
626 3356 756 3413 Gellium.
793 3357 892 3425 Neque
910 3356 1031 3411 multum
1049 3374 1114 3426 pro·

102 3439 210 3494 ficimus
239 3456 272 3494 ex
300 3438 383 3509 Capri
410 3437 590 3507 fragmentis,
616 3455 700 3507 quem
721 3436 807 3493 Plinii
835 3436 922 3491 libros
950 3436 1114 3491 adhibuisse

103 3517 205 3572 scimus
229 3519 421 3588 (Neumannus
443 3535 470 3587 p.
486 3519 539 3586 37).
575 3517 706 3573 Plurimis
734 3517 804 3573 locis
829 3517 928 3572 eadem
953 3517 1113 3572 observatio
