2476 3914
198 174 241 230 De
259 175 462 247 orthographia
481 174 538 232 sive
558 177 593 232 de
612 175 705 230 dubiis
723 176 867 230 nominum
885 177 990 233 formis.
1054 178 1096 241 47

87 329 134 388 oui
150 332 309 403 postquam
329 329 453 388 auderit
475 329 591 387 cassida
616 328 754 400 frontem,
777 330 809 386 et
830 327 983 405 Vergilius
1007 346 1099 388 aureo

86 408 172 496 rutil
194 418 310 476 casside
333 408 382 497 (K.
402 415 429 472 V
448 408 536 497 576).

153 503 207 565 ch.
232 507 287 583 76,
313 506 353 565 18
384 504 603 565 Aeditumus
636 504 747 564 dieitur
774 505 827 582 qui
854 505 959 563 aedem
988 510 1098 583 servat,

85 593 175 673 quasi
207 593 289 653 aedis
322 593 461 670 intimus,
492 589 625 672 <dieitur
653 594 745 653 etiam
772 589 934 671 aedi>tuus
962 594 1000 653 ab
1024 596 1096 655 aede

83 683 206 744 tuenda.
744 735 747 741 .
1124 703 1137 745 5

154 771 206 831 Oh.
227 774 278 849 75,
299 774 340 832 20
364 771 502 831 Lanius
521 772 640 848 dieitur,
664 775 699 831 ut
718 772 877 832 Terentius
895 774 958 832 luat
976 775 1042 849 ooei,
1066 776 1097 832 et

85 859 250 920 Sallustius
274 863 344 934 quia
365 863 475 920 vinarii
493 855 678 938 <tauiiqae>3
701 861 753 919 ubi
776 862 852 920 illud
872 880 992 939 quoque
1011 863 1096 920 nota·

84 949 184 1009 bimus
207 943 380 1026 vina<rium
404 945 493 1027 dici).
527 950 609 1010 lanio
633 954 735 1009 autem
759 951 846 1027 quasi
865 950 1031 1011 deminutio
1051 954 1096 1010 est

84 1038 168 1099 lanii.

154 1125 205 1186 Oh.
227 1129 338 1204 76,19
363 1127 513 1186 Delirus
537 1147 555 1186 a
577 1128 642 1204 lira,
671 1129 765 1188 aratri
788 1128 891 1206 ductu,
914 1129 1095 1206 appellatur.
1109 1150 1135 1190 ro

83 1218 187 1293 potest
213 1218 316 1275 tamen
346 1216 464 1275 delerus
491 1236 546 1292 per
574 1235 588 1275 e
615 1214 672 1277 ἀπὸ
700 1226 753 1278 τοῦ
780 1221 879 1296 ληρεῖν
907 1218 1096 1295 conpositum

83 1305 188 1367 rideri.

152 1393 204 1453 Oh.
225 1396 275 1471 81,
296 1397 313 1454 6
336 1393 507 1453 Sincerus
526 1394 645 1467 dieitur,
663 1413 722 1452 non
743 1393 874 1471 sinceris,
892 1397 929 1453 ut
942 1394 1095 1472 Vergilius

85 1483 129 1542 ait
151 1474 314 1542 insincerus
336 1501 405 1557 apes
432 1485 527 1542 tuterit
550 1500 647 1558 uuor,
675 1483 727 1542 sed
754 1483 934 1541 neutraliter
956 1482 1012 1542 hoc
1036 1484 1094 1542 sin·

85 1590 151 1631 cere
176 1571 294 1648 dieitur,
318 1573 354 1630 ut
377 1572 536 1630 Terentius
558 1574 585 1631 si
607 1573 685 1631 atad
708 1573 849 1631 crederem
869 1570 873 1645 Ι
894 1574 1010 1631 arcere.
1109 1591 1135 1632 15

148 1659 200 1719 Ch.
221 1663 272 1732 81,
292 1663 335 1719 20
359 1658 623 1738 Quinquatrus,
647 1660 781 1720 sednon
806 1660 1007 1738 quinquatria.
1035 1680 1095 1720 non

85 1749 166 1808 enim
189 1749 288 1808 diotae
312 1751 383 1807 sunt
406 1749 538 1826 quinque
563 1750 626 1809 dies
653 1769 769 1826 sacrae,
793 1751 845 1810 sed
868 1750 948 1827 quod
971 1750 1095 1826 quintus

84 1838 146 1898 dies
175 1837 298 1914 Iduum,
327 1856 401 1914 quas
430 1841 515 1897 atrus
542 1839 662 1917 antiqui
689 1839 840 1916 dicebant3
873 1840 935 1899 sive
962 1858 981 1897 a
1009 1840 1094 1916 quin·

85 1927 213 2004 quando,
232 1927 264 1986 id
283 1929 329 1986 est
347 1927 513 2004 lustrando,
532 1929 613 2006 quod
632 1948 666 1988 eo
687 1929 733 1988 die
749 1948 832 1987 arma
847 1928 957 1987 ancilia
970 1929 1095 1988 lustrari

82 2017 143 2075 sint
166 2015 263 2075 solita.
1109 2037 1134 2076 ro

149 2102 202 2164 Oh.
223 2106 272 2179 82,
294 2106 312 2163 5
335 2105 429 2163 Iuris
450 2106 644 2165 consultus
665 2106 723 2165 diei
742 2106 838 2182 debet,
862 2125 922 2164 non
940 2105 1005 2163 iure
1026 2124 1093 2164 oon-

83 2194 196 2270 sultus3
219 2193 292 2252 lieet
310 2191 413 2253 Cicero
432 2214 486 2270 pro
504 2195 632 2254 Murena
649 2195 694 2252 ita
713 2194 830 2267 dmerit,
850 2196 880 2252 et
897 2193 1034 2252 Lucilius
1052 2193 1092 2272 Il,

80 2285 115 2342 ut
138 2283 204 2341 iure
227 2283 351 2358 peritus

149 2370 200 2430 oh.
222 2372 312 2447 82,7
341 2371 500 2431 Graecus
530 2375 560 2430 et
589 2374 690 2430 ortus
719 2371 782 2429 sine
806 2369 1010 2445 adspiratione
1034 2371 1093 2430 diei

82 2460 190 2519 debere
213 2459 310 2520 Varro
338 2461 395 2536 ait3
424 2463 455 2520 et
482 2463 582 2520 ortum
606 2460 740 2536 quidem,
772 2459 851 2536 quod
877 2460 909 2518 in
936 2478 968 2518 eo
994 2460 1094 2518 omnia
1107 2478 1133 2520 aa

83 2549 229 2624 oriantur,
249 2548 397 2608 Graccum
416 2553 554 2609 autema
573 2549 711 2627 gerendo,
731 2549 812 2626 quod
831 2552 927 2608 mater
942 2548 1006 2607 eius
1021 2549 1093 2608 duo·

80 2638 179 2697 deeim
204 2638 357 2696 mensibus
384 2641 471 2698 utero
500 2658 569 2698 eum
596 2639 774 2716 gestaverit,
799 2640 848 2699 vel
876 2658 894 2697 a
921 2638 1092 2716 gracilitate

82 2726 228 2804 eorporis,
251 2731 287 2786 ut
311 2727 433 2804 quidam
456 2728 572 2788 uolunt.
605 2729 657 2787 sed
680 2727 865 2788 consuetudo
890 2731 920 2786 et
944 2726 1092 2786 Gracchos

82 2818 112 2875 et
135 2816 239 2875 hortos
262 2834 330 2874 eum
354 2816 735 2894 adspirationeusurparit
758 2808 941 2897 (capeat
958 2809 1092 2897 stada).

149 2903 201 2964 Oh.
222 2907 271 2982 82,
295 2909 333 2963 12
359 2903 627 2964 Conlaotaneus
646 2907 706 2965 diei
725 2904 821 2966 debet.
844 2924 914 2963 nam
929 2906 1091 2964 oollaoteus
1105 2923 1131 2962 ao

80 3012 169 3053 nemo
192 2993 273 3052 dicit.

148 3081 200 3142 Oh.
221 3085 271 3160 83,
292 3085 332 3143 13
358 3131 363 3142 .
385 3131 391 3142 .
412 3130 417 3141 .
441 3083 515 3142 item
543 3084 665 3160 caprina
694 3086 724 3142 et
747 3101 864 3158 apruna
887 3101 941 3141 eur
964 3083 1091 3140 dissimi-

79 3171 150 3230 liter
170 3171 322 3231 derivetur
341 3173 447 3248 quaeri
466 3174 550 3232 solet.
585 3172 695 3250 quibus
713 3171 958 3248 respondebimus
976 3173 1091 3228 utrum-

79 3311 292 3319 ——.....-

152 3398 185 3446 10
214 3393 356 3466 delirus]
392 3393 496 3447 delirus
525 3410 542 3447 a
571 3393 646 3448 ‘lira’
677 3395 748 3448 teste
775 3392 899 3447 Varrone
928 3392 1003 3462 apud
1030 3392 1089 3446 Vel.

79 3467 208 3534 Longum
236 3485 261 3535 p.
284 3472 316 3520 73
345 3465 378 3519 Κ.
398 3465 459 3520 VII.
486 3497 522 3505 -
549 3470 584 3518 24
607 3464 765 3536 Graecus]
795 3464 828 3518 of.
855 3462 948 3528 Quint.
968 3463 981 3516 I
1000 3468 1029 3532 ὅ,
1049 3468 1090 3532 19,

79 3536 192 3593 Bramb.
210 3554 238 3606 p.
253 3542 312 3592 283.
334 3568 365 3578 -
386 3541 421 3591 30
441 3536 700 3607 conlactaneus]
719 3534 829 3591 Bramb.
849 3553 876 3603 p.
897 3539 948 3588 302
965 3534 1028 3590 adn.
