2476 3914
138 173 182 236 42
401 171 618 227 Observationes
637 171 672 226 de
690 171 776 226 variis
794 171 886 227 rebus.

529 258 539 281 Ο

139 344 198 383 non
221 342 275 400 per
293 343 310 382 r
328 323 463 382 litteram
486 325 625 401 strepere,
649 326 685 382 ut
707 324 787 382 idem
804 322 921 382 Plinius
945 322 1049 382 eodem
1072 323 1150 382 libro

140 412 256 489 scribit,
284 415 315 472 et
338 411 454 471 addidit
481 405 565 471 ‘licet
588 431 621 472 os
644 412 776 488 corporis
800 411 966 488 correptius
989 411 1149 489 diceretur,

141 520 173 561 os
196 520 266 561 vero
289 501 378 561 faciei
401 501 577 578 productius
601 495 771 560 diceretur'.

205 695 412 775 Oh.139,15
441 695 512 756 Oxo
540 697 636 757 Varro
664 697 703 756 ad
726 695 899 756 Ciceronem
922 695 996 755 XIII
1022 697 1097 755 otico
1125 701 1151 755 et

113 799 191 845 acco
208 790 298 860 putat
318 787 392 859 fieri,
416 785 516 862 inquit
538 785 656 845 Plinius
680 785 824 845 sermonis
848 783 933 844 dubii
955 784 1033 845 libro
1056 784 1109 842 VI.

204 979 294 1039 Probi
312 980 386 1039 lnst.
407 983 461 1057 89,
483 984 524 1040 10
544 974 594 1062 (K.
613 974 671 1062 IV)
704 981 780 1039 Item
807 981 838 1037 in
865 981 920 1039 hac
949 998 1040 1056 supra
1068 979 1151 1039 dicta

138 1070 234 1126 forma
249 1069 405 1145 quaeritur
419 1088 437 1128 a
450 1068 549 1128 Plinio
565 1069 711 1145 Secundo,
729 1064 829 1146 paries
844 1069 917 1146 quia
929 1069 1024 1128 isdem
1037 1068 1150 1128 litteris

138 1157 323 1218 nominativo
346 1159 396 1218 vel
418 1159 557 1219 vocativo
581 1176 653 1218 casu
675 1159 793 1217 numeri
812 1158 974 1235 singularis
997 1156 1149 1236 definitur,

139 1245 248 1321 quibus
281 1249 312 1305 et
340 1247 395 1306 illa
422 1248 555 1326 nomina,
587 1267 663 1324 quae
692 1246 729 1306 ab
758 1265 772 1306 e
798 1246 944 1323 producto
972 1246 1075 1306 venire
1102 1265 1149 1305 re·

98 1335 309 1413 reperiuntur,
338 1355 399 1412 qna
425 1337 461 1396 de
490 1355 581 1396 causa
607 1355 667 1396 non
695 1339 726 1396 et
752 1337 809 1395 hoc
836 1355 944 1396 nomen
972 1336 1011 1394 ad
1038 1353 1052 1394 e
1079 1354 1148 1412 pro-

138 1424 262 1482 ductum
284 1427 434 1501 pertinere
457 1426 677 1502 pronuntietur.

562 1547 717 1554 —.—.

202 1619 319 1678 Placidi
342 1621 460 1695 glossae
483 1642 511 1696 p.
533 1623 573 1681 58
594 1612 653 1700 (ed.
673 1610 808 1702 Deuerl.)
832 1616 1050 1697 Ingluviem]
1076 1617 1148 1680 Cor·

136 1708 228 1765 nutus
253 1703 419 1786 ‘ventrem’,
442 1709 560 1768 Plinius
584 1701 795 1769 ‘edacitatem'.

204 1901 325 1981 Gregor.
342 1903 451 1961 Turon.
467 1903 498 1960 in
512 1903 606 1977 praef.
619 1901 672 1960 lib.
685 1902 701 1960 Ι
720 1904 755 1963 de
769 1903 834 1964 vita
847 1906 982 1979 patrum:
1001 1903 1042 1963 Et
1057 1922 1148 1982 quae-

96 2004 122 2045 15
135 1992 214 2050 ritur
236 2010 254 2050 a
278 1990 466 2068 quibusdam,
485 1995 588 2050 utrum
604 1990 670 2052 vita
692 1995 872 2069 sanctorum,
892 2012 930 2051 an
949 1993 1028 2053 vitas
1048 1993 1147 2052 dicere

136 2080 306 2159 debeamus
324 2080 424 2140 Aulus
443 2079 558 2140 Gellius
578 2099 698 2157 quoque
718 2083 749 2140 et
767 2083 937 2158 complures
955 2082 1148 2159 philosopho-

134 2189 202 2228 rum
213 2170 290 2229 vitas
301 2171 398 2229 dicere
408 2171 583 2231 voluerunt:
593 2189 662 2229 nam
672 2169 789 2230 Plinius
799 2174 906 2231 auctor
919 2171 951 2229 in
965 2170 1056 2230 tertio
1072 2169 1147 2230 artis

135 2259 348 2335 grammaticae
370 2259 448 2319 libro
472 2259 528 2318 ait:
555 2262 632 2319 citos
655 2263 766 2334 antiqui
789 2263 990 2334 cuiuscumque
1016 2264 1147 2319 nostrum

135 2350 277 2416 diruunt,
295 2351 346 2408 scd
360 2351 545 2422 grammatici
557 2350 704 2422 pluralem
726 2367 879 2408 numerum
897 2367 955 2408 noc
967 2352 1148 2422 putaverunt

95 2451 122 2491 ao
135 2433 239 2496 hobae
260 2440 357 2497 citam.
392 2436 478 2496 Unde
497 2438 691 2496 manifestum
711 2440 756 2496 est
774 2438 882 2496 melius
902 2437 961 2496 dici
978 2437 1074 2498 vitam
1092 2457 1146 2514 pa·

134 2528 224 2600 trum,
243 2545 334 2602 quem
357 2525 445 2602 vitas,
470 2527 541 2602 quia
564 2544 632 2584 cum
651 2527 690 2585 sit
713 2526 872 2586 diversitas
890 2527 1067 2585 meritorum
1085 2525 1145 2587 vir-

133 2616 308 2690 tutumque,
332 2633 394 2672 una
416 2617 518 2672 tamen
543 2632 644 2691 omnes
664 2615 729 2674 vita
748 2615 880 2690 corporis
900 2615 955 2674 alit
973 2615 1004 2672 in
1023 2615 1144 2676 mundo.

201 2805 384 2886 Oh.105,1
409 2808 511 2868 Bonae
534 2808 616 2886 frugi
640 2809 703 2867 sine
726 2828 741 2869 s
763 2812 879 2870 veteres
903 2810 1049 2869 dixerunt.
1092 2811 1145 2869 scd

133 2914 211 2954 nunc
230 2896 353 2972 quidam
371 2897 466 2957 bonae
486 2898 582 2977 frugis
602 2916 699 2958 cums
716 2897 921 2974 pronuntiant,
942 2917 1009 2957 cum
1024 2898 1145 2976 antiqui

94 3000 120 3040 25
133 2985 422 3133 {miditatem
446 3006 505 3046 non
529 2987 567 3046 ad
589 2987 709 3064 frugem
736 2987 812 3079 hanc
845 2987 1006 3047 elationem
1033 2988 1143 3047 referre

200 3250 252 3311 Ch.
274 3253 344 3330 105,
366 3256 383 3313 9
415 3251 620 3332 Φυλακτήριον
645 3253 724 3331 quod
748 3252 855 3313 Graeci
878 3255 1034 3331 appellant
1057 3273 1141 3314 amu·

133 3341 230 3400 letum
253 3341 360 3401 Latine
384 3342 518 3402 dicimus.
555 3363 625 3401 nam
649 3345 679 3401 et
697 3341 794 3403 Varro
818 3343 987 3403 divinarum
1006 3343 1080 3403 XIH
1099 3344 1143 3404 ita

134 3430 218 3506 dixit,
238 3430 300 3489 sive
315 3431 516 3509 emolliendo,
536 3432 567 3491 id
581 3434 627 3492 est
642 3431 830 3508 infringendo
849 3432 911 3493 vim
925 3432 1006 3510 mali,
1026 3433 1088 3494 sive
1103 3433 1141 3492 ab

93 3533 119 3572 eo
133 3520 343 3580 aemulatione.

556 3607 714 3614 —.....-—-
