2476 3914
167 174 210 229 De
230 168 434 241 orthographia
453 171 512 226 sive
532 172 566 226 (15
585 171 679 226 (155115
697 172 843 227 nominum
861 172 966 229 formis.
1031 173 1074 238 45

63 344 149 386 arma
171 327 303 399 ferebant
330 321 362 380 id
385 324 431 381 est
455 339 557 398 supra:
587 322 637 395 (15,
664 324 757 383 mello
778 341 865 396 super
886 324 1007 383 Priamo
1030 343 1075 384 ro-

59 419 166 490 511555,
180 431 269 488 super
282 412 406 470 Hectore
419 412 521 479 multe,
540 410 572 469 id
590 415 637 470 est
650 411 687 470 de
701 411 820 470 Priamo
836 415 867 471 et
881 413 917 471 (15
930 413 1073 490 Η555555;

62 504 137 563 15551
165 502 197 561 15
219 499 402 578 Iugurthino
433 500 514 558 bello
542 518 578 559 55
600 518 688 574 super
715 502 767 560 5511
789 503 892 561 scelere
914 508 1076 576 55555555

60 593 237 660 rehaberet,
260 590 292 648 id
317 592 363 648 est
385 588 420 647 (15
445 588 502 647 5511
525 590 649 648 scelere:
672 590 712 667 in,
733 592 849 664 555155
867 608 954 664 saper
973 594 1076 651 arbore

60 683 170 748 acuar,
193 679 225 738 id
244 682 291 738 est
313 678 345 736 in
369 676 486 753 arbore;
510 679 584 736 item
606 680 929 754 15555155555515111
951 680 1006 739 1155
1030 685 1075 740 555
1102 696 1115 736 5

61 771 95 829 in
118 769 208 831 viridi
231 766 346 827 fronde.

60 966 128 1036 XV.
153 966 200 1035 Ile
220 961 464 1052 orthographia
483 963 556 1033 sire
576 961 617 1032 (15
637 961 748 1034 dubiis
766 966 939 1036 nominum
956 964 1074 1035 formis

135 1069 225 1165 (cum
250 1069 442 1140 differentia
464 1071 646 1140 verborum
669 1088 769 1160 saepe
794 1067 1008 1166 coniunctis).

131 1213 182 1274 Oh.
204 1216 276 1289 120,
297 1214 337 1272 32
361 1210 495 1286 Aenea,
518 1211 567 1270 hic
590 1210 691 1272 Aenea
714 1213 778 1271 sine
796 1232 811 1272 s
829 1214 925 1273 Varro
950 1214 1025 1272 dixit
1044 1215 1074 1272 in

60 1303 130 1382 Age
153 1302 241 1362 modo
267 1293 419 1381 (55151
442 1303 470 1375 5,
491 1292 556 1379 62).
1090 1321 1115 1361 15

131 1390 183 1451 Oh.
204 1394 254 1468 58,
277 1392 315 1449 15
336 1388 525 1448 Calumnia
543 1389 641 1465 prima
655 1390 773 1467 syllaba
792 1394 928 1466 correpta
943 1391 1074 1449 effertur.

59 1481 147 1543 55515
171 1480 251 1539 enim
274 1498 292 1537 a
315 1477 406 1537 verbo
430 1479 539 1555 551555,
562 1479 618 1537 1155
643 1483 688 1537 555
710 1480 848 1538 frustror.

131 1568 255 1642 Oh.58,
276 1569 316 1626 17
340 1567 499 1626 Mensam
522 1568 585 1625 sine
604 1586 624 1625 5
647 1568 751 1626 1155515
774 1568 885 1627 dictam
903 1569 999 1628 Varro
1023 1569 1075 1639 ait,

63 1660 148 1738 quod
170 1658 269 1717 media
296 1659 471 1733 poneretur,
500 1655 552 1715 sed
580 1660 718 1716 auctores
747 1676 816 1716 cnm
838 1658 1075 1734 51155515515-

61 1749 215 1824 tulerunt,
244 1745 397 1822 Vergilius
426 1763 523 1820 saepe.
570 1745 623 1804 sed
646 1750 677 1804 et
699 1766 833 1805 mensam
856 1766 924 1806 cum
948 1766 967 1805 5
989 1766 1075 1823 posse
1091 1765 1116 1805 15

61 1838 125 1898 (1151
148 1837 227 1896 idem
245 1835 342 1894 Varro
366 1835 423 1910 515,
447 1835 527 1911 quod
551 1837 703 1894 55155555
722 1827 848 1917 (βρωτά)
869 1836 969 1896 515115
992 1838 1023 1895 15
1042 1856 1077 1896 55

63 1923 244 2004 [5555151155]
269 1926 460 2000 ponerentur.

133 2012 185 2072 ch.
206 2016 256 2091 58,
278 2015 316 2072 21
342 2012 480 2071 Palilia
503 2011 653 2070 dicuntur.
681 2012 769 2072 Pales
793 2015 872 2072 enim
896 2014 951 2072 dea
973 2018 1076 2089 pasto-

60 2103 137 2163 ralis
160 2105 214 2175 est,
238 2102 323 2161 cuius
343 2101 406 2159 dies
430 2101 525 2160 festus
543 2097 709 2180 (Palilia),
732 2103 791 2160 nisi
815 2101 895 2179 quod
919 2102 1077 2177 quidama

60 2195 157 2270 partu
179 2191 255 2250 Iliae
278 2191 392 2249 Parilia
415 2190 512 2248 (115515
536 2191 716 2250 maluerunt.
1091 2209 1117 2249 ao

133 2279 185 2342 Ch.
206 2282 257 2356 58,
278 2282 318 2339 23
348 2276 496 2337 (lamara
519 2278 643 2356 (1151555,
671 2283 706 2339 55
728 2280 853 2338 Verrius
875 2279 1001 2337 Flaccus
1025 2278 1076 2337 ad-

61 2393 279 2403 ----—..-—-

137 2456 169 2502 11
187 2447 380 2520 Calumnia]
400 2447 434 2503 N.
449 2449 609 2504 5515515155.
625 2482 659 2490 -
679 2456 712 2503 13
727 2450 854 2520 mensa]
869 2448 946 2502 locus
961 2447 1078 2518 paulum

64 2523 223 2592 corruptus,
243 2537 293 2590 per
308 2519 497 2602 coniecturam
510 2520 667 2576 restitutus.
683 2553 717 2561 -
738 2526 770 2574 19
785 2520 927 2602 Palilia]
939 2520 1078 2601 cotardia

62 2596 151 2662 fectus
168 2594 238 2661 cici3
257 2609 310 2646 515.
329 2591 364 2646 N.
384 2592 498 2645 Palilia.
519 2623 550 2631 —
571 2598 603 2645 21
625 2593 771 2664 camara]
790 2592 854 2647 v1de
872 2592 958 2646 Ke1ln
977 2591 1041 2646 adn.

139 2751 215 2805 7De
238 2750 453 2834 orthographia,
478 2753 530 2804 555.
563 2751 640 2806 Haec
665 2771 730 2821 pars
755 2754 785 2807 55
807 2769 841 2807 55
860 2769 932 2820 5555
952 2752 1079 2821 sequitur

65 2825 103 2878 (15
131 2822 225 2877 dubiis
252 2821 402 2904 generibus
425 2824 454 2876 55
480 2822 602 2876 numeris
630 2823 718 2878 totius
745 2824 830 2878 huius
857 2823 1078 2892 fragmentorum

66 2893 244 2950 collectionis
263 2893 385 2975 plurima
404 2893 529 2947 continet
547 2894 635 2948 dubia
653 2895 703 2948 et
695 2899 785 2949 15555
787 2913 811 2965 5
773 2897 863 2949 tut
877 2895 926 2949 diu
939 2895 1079 2950 haeserim

64 2968 162 3021 utrum
177 2982 211 3019 ea
223 2964 348 3035 recipere
363 2982 400 3018 an
414 2965 542 3019 omittere
555 2982 637 3035 praes
639 2968 721 3022 55555
740 2966 765 3019 A
778 2967 911 3022 lemmate
921 2968 1079 3049 Alexander

66 3036 406 3107 arremarensem)
424 3035 564 3104 incipiunt
580 3037 745 3105 Plinianas
737 3056 768 3091 1n
786 3038 887 3107 quihus
907 3038 1078 3120 paucissima

67 3111 136 3163 sunt
154 3124 228 3177 quae
247 3107 338 3162 Plinio
357 3124 414 3160 non
433 3107 580 3178 attribuas,
600 3109 675 3176 quod
694 3081 959 3178 interrogationis
938 3127 1017 3178 signo
1036 3127 1077 3161 15-

66 3179 170 3235 (115551,
209 3178 413 3260 Quamquam
406 3197 436 3232 1n
459 3178 549 3246 priore
572 3183 653 3249 parte
674 3182 734 3233 tam
758 3182 943 3247 multarunt,
970 3196 1078 3248 55555

66 3250 198 3306 Pliniano
218 3266 302 3319 opere
321 3249 369 3304 vix
388 3251 532 3318 55155555,
551 3252 584 3303 55
602 3268 636 3305 55
654 3252 804 3321 neglegere
822 3269 878 3307 555
897 3252 1023 3306 audeam.
1044 3283 1077 3290 —

68 3328 102 3376 13
120 3322 248 3393 mensa]
278 3321 367 3376 Varro
387 3321 459 3375 (151
478 3321 939 3393 15115555555555
961 3341 979 3376 5
1000 3324 1078 3376 55515

66 3395 160 3449 medic
177 3399 203 3448 51
225 3411 244 3448 5
264 3392 377 3447 Graeca
395 3410 480 3459 mesa,
504 3410 595 3447 measa
618 3395 1078 3464 (1155555555551515515555551

61 3467 206 3591 ponebant
219 3466 400 3534 5155555515
418 3465 476 3518 5155
494 3481 594 3519 55555.
623 3467 711 3520 Nemo
730 3483 787 3520 non
799 3440 951 3545 intellegit
968 3470 1077 3519 veteres

154 3535 305 3591 ccabulum
319 3538 369 3589 aut
383 3550 509 3603 agraeeo
524 3534 606 3604 μέσος
620 3540 670 3590 555
658 3537 752 3591 55515
723 3537 799 3591 atino
809 3535 911 3590 1555151
921 3535 1076 3593 deduxisse.
