2482 3908
178 177 221 242 80
421 174 463 229 De
482 174 576 230 dubiis
594 174 743 245 generibus
762 179 791 230 et
808 175 939 232 numeria.

177 328 408 387 declinationem
426 326 580 404 Vergilius
600 327 746 403 sequitur,
765 345 834 386 cum
852 327 926 386 dicit
944 328 994 400 qui
1015 329 1090 401 forie
1113 331 1192 402 iope
1233 388 1237 394 ,

177 420 254 477 iiius
276 419 352 476 ulus.
395 417 446 475 sed
469 421 500 475 et
522 415 578 475 hoc
601 419 748 492 tapetum,
771 418 808 475 ut
831 417 1010 494 stragulum,
1035 416 1193 475 similiter-

179 525 237 583 que
265 506 446 582 declinatur,
474 505 530 564 hoc
563 508 701 580 tapetum
733 504 823 564 huius
851 506 948 580 tapeti
978 498 1048 564 huic
1076 507 1192 584 tapeto,

177 595 338 671 pluraliter
359 595 434 654 haee
456 595 562 670 tapeta
584 593 693 653 horum
711 596 884 670 tapetorum
902 594 949 653 his
967 594 1089 670 tapetia
1120 613 1192 654 nam

152 689 210 746 set
240 684 281 743 sic
313 702 433 760 qnoque
460 676 616 760 Vergilius
648 682 781 742 declinat
811 683 912 741 dicens
944 685 1082 742 instratos
1114 689 1192 744 ostro

177 775 305 847 alipedes
322 775 464 846 pictisque
491 773 603 845 iuuetis.
649 771 701 830 sed
729 774 759 830 et
785 771 951 832 masculino
981 789 1089 849 genere
1118 771 1193 832 dicit

172 864 320 936 pictosque
343 866 462 935 tapetas,
487 860 573 919 cuius
600 861 821 922 nominativum
850 861 967 920 faciunt
994 860 1118 936 quidam
1141 862 1192 921 hic
1231 881 1234 886 ·

177 954 276 1028 tapes,
306 951 359 1027 qui
385 949 459 1008 facit
486 949 541 1008 hos
569 952 701 1025 tapetam
732 950 814 1026 quod
844 967 912 1026 ego,
942 950 1013 1026 quia
1041 960 1193 1026 nusquam

179 1041 324 1115 scriptum
347 1041 432 1115 puto,
454 1057 648 1115 nequaquam
669 1037 764 1114 probo
788 1029 838 1118 (K.
861 1037 906 1096 IV
931 1040 1003 1113 209,
1024 1031 1090 1120 27).

139 1151 164 1189 10
244 1127 296 1186 Oh.
317 1130 367 1203 71,
384 1129 425 1187 20
449 1127 600 1204 Tergnm
620 1127 743 1186 dorsum
761 1131 807 1186 est
826 1129 857 1186 et
875 1127 1044 1186 declinatur
1062 1127 1114 1205 sic,
1134 1128 1190 1187 hoc

177 1219 299 1294 tergum
321 1217 401 1293 tergi
424 1219 519 1293 tergo,
542 1216 702 1292 pluraliter
724 1216 798 1276 haec
820 1221 907 1294 terga
930 1219 1099 1294 tergirum3
1130 1221 1191 1275 ter·

178 1324 235 1384 gua
259 1308 361 1365 autem
384 1305 472 1382 pellis
496 1304 586 1363 huius
613 1305 743 1382 tergoris
771 1305 858 1382 facit,
881 1306 1042 1382 pluraliter
1069 1308 1192 1383 tergora

179 1399 209 1454 et
240 1395 380 1473 genetivo
407 1394 560 1471 tergirum
588 1396 731 1469 correpte.
778 1394 831 1453 sed
858 1394 1007 1453 contrario
1035 1393 1192 1472 Vergilius

178 1491 258 1558 ternu
281 1487 384 1544 boceuu
407 1483 480 1541 dicit
503 1484 586 1542 etin
610 1482 700 1541 VIHI
721 1483 788 1542 iiiuc
814 1488 917 1557 ruptus
943 1484 1120 1557 fugientibus
1146 1486 1192 1542 iu·

140 1594 165 1635 15
177 1575 251 1648 uerit
276 1575 377 1634 husius
398 1571 402 1647 Ι
421 1575 454 1632 iu
477 1577 581 1646 tergus.
628 1571 750 1648 quidam
777 1572 886 1632 volunt
913 1576 1034 1648 tergum
1061 1573 1191 1631 hominis

179 1681 251 1736 esse,
274 1665 378 1739 tergus
402 1681 473 1722 vero
497 1660 612 1736 pecoris
636 1652 726 1740 (Non.
748 1662 820 1737 227,
841 1662 915 1731 414,
934 1652 1024 1743 459).

70 1756 72 1761 ’
244 1751 281 1808 Κ.
305 1751 332 1806 V
352 1752 425 1827 591,
447 1751 487 1808 28
512 1750 668 1807 Tornum
691 1750 810 1826 generis
832 1749 1000 1827 masculini,
1018 1752 1054 1808 ut
1074 1751 1189 1809 Maeee-

178 1857 232 1897 nas
255 1840 373 1898 cordiae
395 1843 484 1897 toruo.

244 1927 280 1986 Κ.
295 1927 323 1985 V
342 1929 415 2004 592,
436 1928 454 1987 5
476 1927 637 2002 Torques
656 1926 774 2003 generis
788 1927 925 1985 feminini
938 1931 975 1986 ut
988 1927 1187 2003 Propertius*

140 2038 187 2079 ao.
208 2064 214 2075 .
235 2061 241 2076 .
261 2064 267 2074 .
291 2022 420 2090 torquem
442 2033 563 2076 curcum
587 2007 677 2095 (Non.
698 2007 785 2096 227).

245 2105 281 2165 K.
295 2106 340 2164 IV
359 2107 433 2183 210,
454 2107 495 2164 30
519 2102 650 2177 Turbo,
675 2123 743 2163 cum
761 2104 887 2181 puerilis
905 2105 990 2165 lusus
1008 2104 1189 2163 instrumen-

179 2198 246 2253 tum
264 2194 422 2271 significat,
441 2193 600 2252 masculini
618 2194 737 2270 generis
756 2197 810 2268 est,
829 2196 865 2252 ut
883 2211 933 2252 ceu
952 2196 1098 2267 quoudaru
1116 2198 1189 2253 torto

179 2286 303 2344 coliium
321 2287 374 2344 sub
393 2285 508 2342 uerbere
526 2283 608 2340 turbo
624 2327 630 2339 .
646 2325 652 2340 .
668 2329 674 2340 .
691 2330 696 2341 .
712 2285 744 2341 at
763 2301 832 2340 cum
850 2283 1014 2358 procellam
1033 2282 1191 2360 significet,

179 2373 316 2432 feminini
338 2372 454 2449 generis
478 2371 548 2448 erit,
572 2372 607 2429 ut
630 2375 691 2429 uter
714 2389 784 2444 quos
807 2388 929 2443 aequore
952 2373 1035 2431 turbo
1056 2365 1060 2452 l
1081 2372 1190 2444 Dispu

140 2480 166 2521 11
180 2464 262 2529 leuci,
287 2465 317 2521 et
340 2461 508 2520 declinatur
530 2462 566 2518 ut
587 2459 682 2536 virgo.
712 2462 760 2522 at
783 2477 852 2518 cum
881 2460 1038 2536 proprium
1062 2460 1191 2519 hominis

180 2570 288 2610 nomen
326 2554 384 2628 est,
422 2549 590 2607 declinatur
626 2551 662 2606 ui
695 2547 769 2607 Cato
803 2541 870 2629 (Oh.
892 2551 963 2624 144,
984 2551 1038 2623 303
1064 2551 1137 2624 145,
1159 2552 1192 2624 83

86 2675 88 2678 -
183 2642 234 2717 64,
254 2641 309 2713 263
332 2638 424 2696 Prisc.
446 2640 518 2713 207,
541 2628 603 2714 17).
1216 2627 1219 2632 ’

247 2727 282 2785 K.
306 2726 334 2783 V
354 2728 465 2802 592,3
492 2726 627 2784 Turtur
654 2726 771 2802 generis
799 2726 971 2799 masculini,
998 2729 1034 2785 ut
1061 2725 1193 2785 Plautus

181 2821 212 2875 tu
235 2818 287 2876 tibi
307 2817 415 2876 iubeas
436 2816 488 2874 hos
511 2819 644 2873 turtures.
683 2816 821 2891 quamvis
842 2815 940 2875 Pollio
964 2815 1067 2874 etalii
1091 2815 1194 2875 dicant

141 2924 168 2964 so
181 2906 365 2964 turturellas

246 2994 407 3053 Praeterea
431 2994 465 3052 of.
487 2993 523 3051 K.
542 2992 570 3049 V
587 2994 647 3052 591
674 2993 764 3052 tofus.

667 3243 707 3301 U.

246 3349 282 3407 K.
306 3348 349 3406 IV
369 3351 442 3424 211,
465 3350 502 3407 15
527 3347 634 3406 Urcei
661 3347 826 3406 masculino
851 3366 973 3425 genere,
996 3365 1054 3406 non
1081 3346 1189 3403 neutro

181 3439 331 3515 dicuntur,
351 3437 493 3514 quoniam
511 3436 689 3497 diminutive
712 3431 922 3514 <masculino>
942 3453 1049 3514 genere
1072 3433 1191 3510 urcioli,

142 3543 168 3584 eo
182 3547 241 3585 non
264 3526 380 3586 unciola
402 3527 551 3586 dicuntur.
