2476 3914
88 201 192 256 Adnot.
211 201 253 256 De
264 201 1033 274 dat.·abl.plur.in·a'spro·ibasex.Degenetaccplur.
1053 205 1095 270 89

81 353 232 428 putabant
255 371 306 412 eos
330 352 367 411 ad
391 353 561 431 analogiam
587 353 681 414 dativi
705 372 768 414 esse
797 355 893 414 factos
916 355 1020 415 addita
1042 356 1092 415 lit·

81 444 184 501 teras
213 433 304 521 (Sall.
327 442 363 501 N.
383 442 419 502 A.
438 442 482 501 IV
503 434 569 524 16).
616 441 742 503 Constat
768 444 844 502 hanc
872 445 1093 504 extremitatem

80 530 215 608 genetivi
232 529 443 607 perantiquam
462 549 536 609 esse,
554 535 591 592 ut
610 535 737 609 apparet
753 551 789 591 ex
802 534 950 594 uocabulo
964 537 1093 594 senatuis

82 620 164 695 apud
192 617 222 678 C.
246 620 395 678 Fannium
424 613 668 702 (Oh.143,12)
697 620 898 681 Gracchorum
925 625 1091 700 aequalem.

81 708 150 767 Non
172 707 272 767 minus
292 709 441 780 usitatum
464 713 530 769 erat
552 713 588 769 ut
605 711 680 770 haec
698 710 846 772 vocabula
863 711 895 769 in
915 714 942 770 2.
962 712 1091 771 declina-

82 797 194 855 tionem
213 798 385 876 transirent,
404 801 440 858 ut
456 798 539 875 apud
552 799 698 859 Plautum
713 793 855 876 quaesti'
870 803 901 859 et
915 794 1092 879 quaestus’,

83 880 227 962 sumpti'
251 890 282 945 et
305 881 484 964 sumptus'

147 975 264 1034 Plinius
284 975 437 1036 Secundus
460 996 514 1054 pro
540 997 560 1035 u
583 977 674 1056 longa
693 930 843 1037 scribebat
860 997 902 1037 uu
920 997 975 1038 nec
994 978 1092 1038 solum

81 1064 125 1235 i(n
148 1064 441 1234 hac)dec]inatione
479 1066 531 1125 sed
564 1067 657 1127 etiam
688 1067 742 1126 ubi
776 1067 890 1127 occasio
924 1067 996 1127 data
1027 1071 1093 1127 erat

97 1156 238 1214 vrrtuus.

83 1337 131 1391 De
155 1333 432 1391 dativo-ablativo
455 1335 581 1404 plurali
605 1337 641 1392 in
664 1331 720 1394 ·ts
740 1351 801 1406 pro
820 1332 930 1394 -tbecs
948 1341 1095 1393 exeunte

524 1412 567 1502 (e-
589 1413 652 1502 19)·

150 1545 227 1602 Erat
262 1543 388 1620 antiqua
423 1546 544 1623 regula,
576 1545 626 1606 Ch.
649 1548 760 1624 52,17
795 1540 846 1626 (cf.
871 1545 923 1606 ch.
945 1549 1016 1620 125,
1037 1549 1093 1625 233

87 1626 239 1713 143,13):
260 1635 367 1692 neutra
386 1652 463 1711 quae
483 1652 601 1711 semper
618 1635 751 1711 pluralia
770 1638 849 1714 sunt,
864 1635 890 1695 si
904 1638 974 1694 ante
992 1637 1091 1698 noris-

83 1722 189 1780 simam
221 1722 367 1799 syllabam
394 1726 406 1783 t
435 1723 571 1782 litteram
598 1724 742 1801 habeant,
770 1724 910 1803 genetivo
938 1743 993 1801 per
1020 1744 1092 1794 -wm,

82 1810 183 1870 dativo
220 1831 274 1888 per
308 1813 380 1872 -bcs
412 1812 559 1890 syllabam
591 1813 746 1894 finientur,
779 1814 876 1875 veluti
908 1814 1092 1892 Saturnalia,

81 1898 300 1977 Saturnalium,
329 1901 551 1962 Saturnalibus.
596 1903 667 1962 Alia
699 1904 806 1982 regula
836 1906 882 1963 est
910 1922 987 1980 quae
1016 1902 1091 1963 (lha-

81 1987 172 2048 risius
198 1991 387 2067 131,10sq.
416 1991 554 2069 tradidit,
586 2011 657 2050 nam
687 1993 744 2052 hoc
772 1993 838 2051 loeo
865 1995 938 2051 sunt
964 1991 1092 2051 barbara

82 2077 217 2152 nomina,
241 2078 371 2153 quaein
399 2079 502 2139 dativo
530 2082 561 2138 et
588 2079 721 2140 ablativo
743 2080 857 2155 plurali
879 2078 992 2138 habent
1015 2081 1091 2148 -buS,

84 2166 155 2241 quia
179 2166 285 2242 singul.
306 2165 363 2224 abl.
382 2181 398 2225 e
420 2166 525 2226 littera
547 2167 652 2226 finitur
675 2159 727 2249 (ci.
747 2166 798 2227 Oh.
820 2170 870 2245 53,
885 2159 928 2247 6),
951 2171 988 2227 ut
1010 2169 1093 2247 glos·

84 2256 211 2332 semaia,
234 2256 385 2332 poemata,
409 2257 588 2314 toreumata.
625 2256 684 2314 Sed
706 2255 824 2315 Plinius
852 2258 1001 2316 succurrit
1023 2276 1092 2318 eum

83 2360 137 2401 sua
159 2343 267 2419 regula
287 2361 309 2402 s.
328 2364 356 2404 v.
379 2343 560 2421 aenigmatis
584 2337 650 2424 (Ch.
672 2347 744 2422 123,
764 2336 811 2425 3);
841 2364 1025 2422 quamquam
1053 2347 1092 2405 ab

82 2432 138 2490 hoc
165 2434 301 2507 poemate
325 2431 372 2491 his
398 2433 589 2508 poematibus
617 2434 716 2492 facere
745 2433 865 2511 debeat,
893 2437 996 2494 tamen
1023 2453 1092 2494 con·

82 2520 236 2580 suetudini
260 2523 289 2580 et
318 2521 465 2581 suauitati
493 2522 613 2580 aurium
641 2525 742 2582 censet
770 2541 917 2582 summam
945 2541 1010 2582 esse
1037 2525 1091 2583 tri·

80 2609 230 2669 bucndam
254 2602 303 2691 (cf.
323 2609 358 2669 K.
378 2609 421 2668 IV
442 2612 516 2688 208,
537 2613 577 2671 23
593 2602 660 2692 sq).

142 2810 190 2864 De
213 2808 367 2879 genetivo
391 2812 426 2865 et
449 2811 641 2868 accusativo
665 2811 791 2880 plurali
813 2798 856 2888 (p.
878 2800 1034 2890 20-27).

132 2919 161 2975 1.
181 2920 217 2975 (le
236 2922 375 2987 genetivo
392 2922 507 2992 plurali
525 2922 559 2978 in
577 2939 650 2978 -um
671 2922 700 2977 1.
718 2923 750 2978 et
768 2921 798 2977 2.
817 2922 1045 2980 declinationis.

148 3015 400 3094 Antiquissimum
420 3019 537 3095 priscae
557 3020 656 3097 gentis
673 3019 965 3095 Indogermanorum
987 3040 1091 3080 monu-

82 3107 218 3164 mentum
242 3110 285 3166 est
311 3108 390 3166 illud
413 3126 476 3167 -ccm
500 3100 587 3190 (om)
610 3109 642 3166 in
669 3108 808 3186 genetivo
831 3109 946 3184 plurali
969 3110 998 3167 3.
1017 3109 1092 3168 decl.

82 3197 113 3253 et
139 3195 296 3256 verborum
323 3197 459 3256 radicum
483 3216 559 3274 quae
583 3197 614 3255 in
637 3215 667 3255 -o
691 3199 808 3255 exeunt.
853 3196 996 3255 Manebat
1017 3197 1092 3257 haec

82 3284 178 3344 torma
202 3287 361 3362 praecipue
385 3286 416 3343 in
439 3285 501 3345 illis
524 3286 680 3346 vocabulis
703 3277 900 3357 ‘nummum',
924 3278 1090 3345 ‘modium'

82 3375 137 3432 cet.
184 3375 316 3433 Transiit
344 3375 376 3433 in
400 3375 575 3452 genetivum
598 3375 676 3450 plur.
699 3374 915 3435 nonnullorum
936 3374 1091 3434 nominum

84 3462 110 3519 1.
130 3462 203 3522 decl.
241 3463 349 3523 Postea
371 3465 472 3522 tamen
495 3463 621 3523 cedebat
642 3465 674 3522 in
698 3465 726 3522 2.
746 3463 819 3522 decl.
842 3464 967 3539 propter
987 3462 1092 3522 simili-

81 3550 218 3610 tudinem
250 3552 415 3614 accusativi
442 3549 604 3631 singularis
632 3555 663 3613 et
689 3554 832 3611 neutrum
860 3544 1010 3633 (hortum,
1040 3552 1090 3613 do·
