2476 3914
305 169 347 224 De
366 169 459 224 dubiis
478 169 627 240 generibus
646 172 675 225 el
691 169 823 225 numeris.
1025 168 1067 236 81

541 326 581 383 V.

123 429 160 488 K.
179 428 208 486 V
223 430 296 504 593,
317 429 359 486 20
381 427 513 487 Veeles
537 428 656 505 generis
678 428 839 487 masculini
859 475 1000 488 .......
1020 430 1071 488 sed

55 520 177 595 Trogus
201 535 308 594 genere
331 516 475 575 feminino
499 516 582 577 dixit.
649 563 651 568 ,

125 606 161 667 K.
180 605 224 664 IV
239 608 312 682 213,
333 607 350 664 3
375 605 460 665 luter
481 609 643 666 ventrem
667 606 697 664 et
720 607 841 666 alvum
869 609 899 666 et
926 611 1071 667 uterum

57 699 116 756 hoe
139 695 279 772 interest,
308 695 389 770 quod
418 697 525 754 venter
551 698 635 754 lotus
659 695 783 770 dieitur,
807 695 861 773 qui
883 696 977 755 oeulis
1001 697 1071 756 sub·
1099 711 1113 753 s

61 787 157 844 iectus
181 786 235 858 esi,
255 784 342 844 alvus
364 784 491 843 interior
508 802 586 860 pers,
606 803 667 861 que
689 784 772 844 cibus
792 787 948 863 commeat,
965 789 1072 846 uterus

63 876 173 950 aulem,
199 891 258 949 quo
281 872 391 931 mulier
413 873 533 932 beiulal
555 875 625 949 part
680 919 686 931 .

127 962 299 1033 K.V592‚
321 963 359 1019 19
399 961 535 1038 Vepres
572 963 691 1040 generis
726 962 876 1040 feminini,
911 966 948 1022 ul
984 963 1072 1022 Titus

60 1051 167 1111 Livius
189 1051 244 1110 has
266 1066 373 1123 uepres.
421 1050 473 1108 sed
496 1051 680 1129 singularem
703 1070 763 1111 non
790 1053 911 1132 recipit,
935 1052 1072 1129 quemvis

60 1139 210 1198 Aemilius
233 1138 399 1197 masculine
423 1138 504 1198 (lieet
525 1158 610 1214 seper
633 1143 742 1200 occulta
764 1143 837 1200 ruis.
1087 1159 1113 1199 ιο

131 1227 183 1287 ch.
199 1231 250 1305 99,
262 1221 354 1306 250)
373 1226 455 1286 Viei
474 1227 617 1288 dicuntur
634 1229 763 1288 humiles
782 1230 895 1290 domus.
928 1250 998 1289 uam
1013 1250 1074 1309 qua

62 1317 228 1376 incedimus
252 1335 313 1376 nou
335 1315 395 1376 vici
418 1317 470 1375 sed
493 1318 560 1377 viae
585 1320 655 1376 sunl
677 1319 819 1378 vicorum.
865 1318 945 1378 uude
963 1320 1075 1380 vicinia

65 1405 177 1464 dieitur
198 1406 258 1465 loci
286 1405 514 1483 demonslraiiO,
543 1406 683 1466 vicinitus
711 1425 781 1467 vero
810 1407 977 1467 vicinoium
1004 1427 1073 1467 uon-

60 1494 184 1554 iunctio.

130 1582 290 1642 Praeterea
313 1583 350 1641 ef.
373 1582 408 1644 K.
433 1584 460 1640 V
480 1586 543 1644 592
568 1586 734 1644 veternum.
1088 1598 1115 1641 15

137 1774 153 1823 8
163 1771 293 1842 vepres]
305 1775 339 1824 10
349 1769 485 1825 Aemilius
495 1770 542 1827 ie.
553 1770 690 1825 Aemilius
700 1772 801 1842 Macer,
812 1773 910 1827 auctor
918 1771 1073 1842 Plinianus,

63 1839 164 1966 quifflig
180 1841 286 1966 5eodem
309 1840 467 1911 fragmento
492 1843 527 1897 de
554 1842 647 1898 dubiis
670 1843 830 1898 nominibus
852 1843 935 1900 nobie
954 1842 1075 1900 occurrit

60 1929 87 1981 p.
158 1955 164 1981 ,
198 1955 204 1968 .
