2476 3914
137 177 179 240 74
379 176 419 232 De
439 175 532 232 dubiis
551 176 700 246 generibus
719 179 748 231 et
765 176 896 232 numeria.

130 329 256 403 paleira
277 345 357 401 perae.
403 328 477 387 haee
499 347 594 405 penus
617 328 708 386 huius
731 346 840 404 penne,
863 328 911 387 hie
934 347 1031 405 penus
1055 329 1148 388 huius

134 417 213 494 peni,
235 419 273 476 ut
296 426 341 476 est
363 418 437 476 haee
459 436 566 477 manus
589 418 680 477 huius
702 435 818 495 manus,
830 462 909 477 .....
920 411 1070 500 (enne,
1083 410 1149 498 11).

201 505 237 565 K.
251 505 295 564 IV
320 508 392 582 208,
414 508 453 566 16
475 552 482 566 .
501 550 508 564 .
529 554 535 567 .
556 555 561 566 .
582 508 612 566 et
635 504 792 566 Cornelius
816 505 945 566 Severus
967 525 1072 565 rerum
1089 507 1150 566 Re-

135 613 293 654 manarum
316 594 393 654 libra
417 595 432 652 Ι
454 594 530 655 dixit
546 597 686 670 pelagum
705 600 878 669 pontumque
900 599 1017 655 mavul.

109 704 122 745 5
201 683 237 743 K.
257 685 284 740 V
305 685 378 761 586,
398 687 418 743 4
436 684 564 745 Pelves
584 684 702 763 generis
720 684 865 759 feminini,
882 687 919 743 ut
936 683 1067 762 Valgius
1081 703 1150 759 per-

134 774 234 846 fusam
250 775 371 848 peluem.

200 861 236 921 K.
255 862 284 920 V
309 863 418 934 587,1
444 860 575 921 Perdix
598 861 715 939 generis
734 860 878 939 feminini,
900 865 937 921 ut
958 862 1055 922 Varro
1077 881 1149 938 par·

134 951 203 1011 ruta
226 953 324 1010 limoso
341 952 484 1024 prospicit
506 952 573 1010 eliae
591 952 696 1024 perdia
719 945 809 1031 (Nan.
830 941 918 1032 218).

202 1037 254 1098 (lh.
271 1041 322 1116 58,
338 1041 379 1098 10
401 1038 605 1115 Pervigilia
618 1040 750 1098 neutrali
764 1058 874 1116 genere
887 1039 1001 1115 plurali
1019 1059 1147 1101 numero

96 1150 122 1188 ιο
137 1147 175 1186 an
189 1127 367 1204 pervigiliae
381 1126 526 1185 feminine
541 1146 650 1205 genere
667 1128 780 1204 plurali
798 1147 922 1188 numere
937 1128 995 1188 diei
1019 1128 1150 1189 debeant

137 1216 301 1292 quaeritur.
348 1219 379 1275 et
405 1215 547 1275 dicendae
575 1216 653 1276 sieut
680 1216 870 1294 pervigilium
898 1236 952 1276 nee
979 1218 1036 1277 hee
1062 1218 1149 1280 labo·

134 1305 215 1363 riusa
237 1305 354 1364 ratione
378 1304 571 1381 adprobatur.
616 1325 686 1365 nam
714 1324 782 1364 eum
808 1325 864 1382 per
891 1324 922 1365 se
948 1306 1073 1384 vigiliae
1103 1308 1148 1366 di-

136 1395 256 1472 eantur,
283 1394 505 1471 praepositione
533 1394 649 1453 adiecta
676 1413 736 1453 non
763 1397 905 1454 naturam
931 1399 1065 1473 mutant,
1095 1396 1150 1479 sed

136 1483 289 1559 aeeipiunt
316 1484 460 1561 temperis
493 1482 739 1561 diuturnitatem,
772 1486 803 1542 et
832 1483 886 1561 qui
919 1484 1049 1561 vigilant
1078 1505 1147 1562 per-

97 1592 123 1633 15
135 1572 263 1649 vigilare
287 1572 437 1632 dicuntur.

201 1660 252 1720 Oh.
269 1663 320 1736 72,
335 1664 377 1720 30
391 1661 591 1720 Pistrinum
608 1661 788 1721 neutraliter
802 1660 925 1737 dieitur3
942 1661 994 1720 sed
1007 1660 1156 1723 Lucilius'

133 1747 205 1807 XVI
226 1749 368 1808 feminine
392 1750 501 1808 extulit
528 1752 623 1809 mealia
646 1753 821 1823 epistriaa,
851 1751 890 1809 ed
917 1750 1074 1810 tabernam
1100 1772 1147 1812 re·

134 1837 239 1910 serene,
262 1841 299 1896 ut
322 1855 458 1914 caupona
481 1837 601 1897 dieitur.
637 1857 707 1896 nam
729 1841 759 1897 et
778 1838 1143 1915 Terentiusdeminutive

133 1925 296 2001 pistrillam
319 1926 395 1984 dixit
412 1927 545 1999 pistrilla
568 1932 630 1985 erut
652 1929 794 2000 quaedum
818 1919 868 2009 (K.
891 1928 920 1986 V
945 1927 1032 2008 588).

94 2035 120 2075 ao
200 2014 237 2074 K.
251 2015 279 2070 V
294 2017 367 2094 587,
383 2018 424 2075 14
447 2015 512 2073 Pix
530 2016 647 2094 generis
666 2016 812 2094 feminini,
831 2018 866 2076 ut
884 2016 990 2077 Varro.
1021 2019 1145 2079 Idaeae-

134 2121 188 2176 que
204 2107 286 2178 piees
310 2097 377 2186 (Oh.
399 2108 449 2174 91,
470 2097 536 2185 26).

201 2192 253 2252 Oh.
270 2196 343 2265 140,
359 2197 399 2254 15
423 2194 571 2254 Pometa
593 2193 646 2252 ubi
669 2213 759 2271 poma
777 2195 946 2272 gignuntur
963 2197 1000 2254 ut
1018 2196 1144 2274 oliveta3

133 2283 269 2357 pomaria
297 2287 399 2344 autem
427 2302 486 2361 quo
513 2288 680 2361 ponuntur;
711 2284 847 2360 pomaria
876 2283 908 2341 in
937 2282 1046 2361 quibus
1074 2304 1144 2346 eon·

134 2371 270 2430 linantur
294 2365 359 2453 (Oh.
381 2375 454 2450 109,
475 2364 540 2454 28).

94 2479 120 2519 25
200 2461 235 2522 K.
258 2460 287 2518 V
310 2463 420 2538 588,1
446 2461 595 2522 Porrum
623 2461 740 2538 generis
764 2461 878 2538 neutri,
902 2460 954 2520 sed
977 2460 1073 2521 Vama
1092 2481 1146 2536 po·

132 2554 243 2608 eluatur
266 2555 363 2610 tenues
379 2553 467 2623 parri
490 2542 557 2630 (Oh.
578 2553 650 2625 104,
671 2541 713 2630 7).

199 2638 235 2695 K.
254 2637 283 2695 V
303 2640 375 2715 587,
396 2640 436 2698 16
461 2638 657 2714 Praesepia
680 2640 785 2699 vetant
803 2638 992 2715 grammatici
1011 2639 1144 2717 singula·

133 2723 207 2782 riter
233 2719 347 2804 <diei>3
381 2729 412 2784 et
443 2726 480 2785 de
512 2745 621 2803 genere
650 2727 813 2803 quaeritur.
860 2727 913 2785 sed
940 2727 1037 2788 Varro
1069 2729 1144 2789 haee

132 2814 285 2889 praesepis
314 2817 345 2873 et
377 2814 450 2873 alibi
482 2814 538 2874 hoe
570 2833 722 2891 praesepe.
769 2815 859 2875 Cotta
890 2834 967 2876 auae
996 2819 1036 2877 art
1055 2837 1146 2893 prae·

204 3004 219 3052 5
238 2999 367 3073 pelves]
387 3002 496 3058 Valliae
513 3001 544 3055 in
564 3002 634 3072 aad„
653 3003 769 3073 Vulpias
787 2988 935 3073 Hauptiue.
948 3034 981 3044 -
992 3008 1026 3058 27
1045 3020 1145 3074 prae-

134 3070 242 3142 sepia]
261 3069 339 3125 loeus
359 3088 436 3142 corr,
456 3074 490 3128 de
509 3090 564 3142 quo
584 3073 619 3130 ef.
637 3073 723 3128 Keilii
742 3073 805 3129 adn.

205 3254 238 3304 27
256 3249 450 3322 praesepia]
479 3250 585 3320 enee,
601 3257 633 3304 11
660 3251 722 3305 loeo
750 3254 893 3322 corrupte:
914 3293 920 3306 .
940 3295 946 3307 .
966 3293 972 3306 .
991 3254 1041 3308 hoe
1060 3270 1144 3323 prae·

133 3337 192 3390 sepe
210 3322 372 3377 neutraliter
390 3321 528 3394 <dicimur
549 3329 575 3376 et
596 3323 645 3378 loe
664 3324 872 3397 praesepitur),
890 3324 1041 3393 pluraliter
1060 3341 1143 3394 prae-

133 3394 216 3461 sepia.
253 3394 299 3447 sed
317 3390 440 3448 Plautus
458 3394 490 3447 ia
509 3394 672 3449 &aculione
697 3396 826 3461 feminiae
846 3435 976 3451 ........
998 3395 1087 3450 ‘esum
1105 3397 1144 3452 art

129 3480 287 3590 pmnsgpem
308 3465 411 3590 auam&
424 3541 435 3591 t
449 3471 475 3548 et
499 3465 641 3609 Vgrroetiu
664 3465 768 3535 Nepote
790 3468 856 3522 haee
874 3482 1017 3535 praesepea
1040 3465 1143 3540 (diarii.

132 3550 185 3589 sere
224 3552 423 3591 amaaemes
452 3552 515 3590 eae
543 3552 618 3602 ;r.
