2476 3914
144 166 184 230 18
385 167 428 221 De
446 166 540 221 dubiis
558 167 708 238 generibus
727 171 756 223 et
773 169 904 225 numeris.

141 317 349 394 devertuntur,
368 318 421 376 sed
444 319 544 377 emnia
567 337 622 378 sua
644 321 752 397 regula
769 323 839 380 tnta
858 326 929 381 sunt
947 321 967 362 *
986 326 1152 401 utrumque

142 425 213 483 ergo
237 407 273 467 de
298 426 357 483 quo
382 408 539 483 quaeritur
561 408 772 484 inreprehensa
796 428 931 469 sermone
955 410 1082 471 dicetur.

208 494 415 574 0h.107,25
441 495 546 556 Serta
568 500 677 557 neutra
705 516 814 576 genere
842 499 997 573 dicuntur,
1021 504 1058 560 ut
1080 501 1153 561 Ver·

141 584 233 660 gilius
266 591 343 645 serta
369 587 475 658 prout
507 590 618 645 tantum
650 589 738 660 cupiti
769 589 889 661 delapsa
915 591 1056 649 iacebant.
1102 591 1153 650 sed

112 673 314 750 sPropertius
338 674 481 733 feminine
505 675 616 735 extulit
639 675 694 753 sie,
718 680 769 735 tna
786 679 986 750 praependent
1012 680 1153 739 iamneae

137 766 171 823 in
197 766 306 837 poeula
337 768 441 831 sertae,
471 766 502 822 et
530 761 686 824 Cornelius
715 763 842 825 Severus
873 767 928 825 tue
956 768 1026 827 ades
1053 767 1153 828 Aonia

139 856 247 912 crinem
269 854 449 912 circumdata
470 856 548 912 serta
572 845 621 933 (K.
641 853 670 911 V
690 854 778 932 590).

205 942 241 1000 K.
260 940 289 998 V
309 942 382 1019 590,
402 943 442 1000 18
468 941 592 1000 Serum
614 942 703 1001 laetis
727 943 844 1020 generis
867 944 977 1022 neutri,
1000 947 1036 1004 ut
1060 945 1152 1005 Rebi·

138 1031 202 1089 rius
225 1033 257 1088 in
280 1033 407 1088 tenerum
430 1034 471 1088 est
493 1032 614 1089 dianna
636 1049 733 1090 senam
751 1050 828 1105 pars
849 1034 954 1092 intima
976 1034 1067 1093 laetu.

100 1139 124 1177 10
206 1117 257 1178 Oh.
279 1120 389 1192 71,16
414 1117 614 1179 Servitium
637 1119 802 1180 multitudo
826 1123 873 1181 est
896 1139 1066 1199 servorum,
1090 1141 1150 1182 ser-

138 1207 220 1267 vitus
248 1207 382 1266 condicio
410 1207 572 1283 serviendi3
601 1209 654 1267 sed
681 1212 798 1270 veteres
827 1209 1031 1270 indifferenter
1058 1212 1150 1271 servi·

137 1296 216 1354 tium
239 1299 270 1355 et
292 1315 348 1372 pre
371 1297 517 1357 seruitute
540 1300 715 1373 posuerunt.
761 1302 876 1358 seruitia
906 1302 1007 1359 eninae
1030 1302 1149 1361 tulimus

138 1384 293 1462 Vergilius
316 1386 348 1443 in
370 1385 425 1447 ΙΙΙ.

205 1472 256 1533 Oh.
277 1476 328 1553 81,
349 1477 387 1533 11
414 1474 556 1534 Sibilus
584 1475 642 1533 diei
673 1478 804 1554 opertet,
832 1481 869 1535 ut
895 1476 1050 1553 Vergilius
1079 1496 1150 1537 nam

98 1582 123 1622 15
137 1581 227 1636 neque
248 1581 294 1622 me
315 1568 428 1623 tantum
450 1567 588 1624 uenientis
606 1566 708 1624 sibilus
730 1568 840 1636 austri·
864 1563 966 1625 Oieere
990 1565 1028 1624 de
1050 1567 1149 1644 glorie

136 1651 168 1709 Π
190 1655 222 1712 in
242 1652 445 1711 Tusanlannne
462 1656 546 1711 metri
563 1655 774 1712 nuntiabantur
789 1656 959 1728 aladiatorii
976 1656 1062 1716 sibili.
1096 1655 1148 1714 sed

137 1744 169 1799 et
191 1743 299 1799 neutro
323 1759 432 1817 genere
456 1741 579 1816 quidam
602 1741 751 1817 dixerunt,
774 1746 811 1801 ut
830 1741 956 1825 Ovidius
978 1745 1058 1803 sibili
1076 1745 1148 1804 dant

136 1831 300 1901 saniemque
322 1833 446 1895 vomunt,
466 1826 621 1887 Cornelius
641 1829 769 1890 Severus
789 1835 815 1889 et
831 1850 887 1891 ena
906 1833 1057 1893 maenaa
1075 1835 1147 1893 daret

135 1917 222 1976 sibila
244 1917 328 1976 dara
349 1919 496 1984 dracena,
520 1921 551 1976 et
572 1917 674 1976 Macer
695 1919 851 1979 theriaaon
875 1921 957 1995 ionae
978 1923 1147 1982 resneantia

96 2007 222 2065 sentila
244 2007 322 2065 colio.

201 2094 237 2154 K.
260 2095 305 2154 IV
330 2097 402 2173 209,
423 2098 462 2155 19
561 2095 654 2156 silex
669 2144 745 2156 .....
760 2098 927 2157 masculino
951 2117 1059 2176 genere
1074 2123 1147 2176 ...,

135 2185 217 2260 apud
239 2185 379 2262 antiquos
402 2185 547 2243 feminina
570 2189 670 2264 erant,
693 2189 790 2247 stabat
812 2191 898 2246 nauta
920 2188 992 2246 sitan
1014 2191 1046 2247 et
1068 2190 1148 2248 ntiae

135 2276 266 2334 inania
286 2322 291 2333 .
313 2322 318 2333 .
339 2323 345 2333 .
366 2321 372 2334 .
395 2265 447 2354 (K.
469 2273 498 2331 V
522 2266 610 2357 591).

202 2361 253 2422 Oh.
275 2366 347 2440 108,
367 2365 409 2423 20
446 2362 594 2423 Simiam
630 2367 769 2424 auctores
806 2365 947 2424 dixemmt
983 2364 1077 2424 etiam
1115 2365 1146 2424 in

95 2470 120 2510 ae
134 2452 309 2529 masculino,
333 2455 369 2510 ut
392 2452 535 2511 Afranius
558 2453 590 2510 in
614 2453 784 2513 Temeraria
808 2454 940 2527 quietio
963 2458 1005 2512 ast
1024 2446 1144 2536 sitnia]

134 2544 185 2613 qui
205 2559 251 2600 ane
271 2542 353 2601 hodie
375 2542 543 2612 ludificatus
566 2543 626 2600 est?
660 2540 805 2600 Laberius
829 2546 931 2601 tamen
954 2541 986 2600 in
1005 2539 1144 2603 Cretensi

135 2629 179 2687 ait
210 2630 421 2702 farmacapoles
446 2631 565 2688 simiam
585 2627 590 2702 Ι
610 2629 746 2688 diurnare
768 2632 872 2702 coepit·
905 2633 937 2690 et
969 2629 1071 2690 Oieero
1106 2631 1145 2690 ad

133 2716 309 2775 Marcellum
331 2718 477 2776 anuinium
500 2716 685 2777 deminutive
707 2717 783 2776 dixit
806 2710 855 2798 (K.
880 2719 908 2774 V
933 2711 1021 2800 591).

200 2804 235 2863 K.
258 2805 287 2862 V
306 2807 379 2882 590,
399 2807 439 2864 26
470 2806 672 2882 Simpulum
695 2805 811 2884 generis
841 2808 955 2886 neutri,
983 2811 1020 2869 ut
1046 2808 1144 2869 Varro

92 2911 119 2950 30
133 2893 172 2952 ad
194 2893 351 2954 Neronem.

204 3122 220 3171 8
240 3116 363 3187 serum]
381 3116 522 3186 Hauptins
540 3134 652 3172 versum
669 3116 778 3172 Rabirii
802 3118 970 3174 emendavit.
992 3151 1023 3160 -
1043 3125 1079 3173 24
1099 3120 1144 3175 si-

133 3189 245 3261 miam]
274 3191 310 3244 aa
333 3188 459 3242 Marium
481 3187 626 3243 Fabricius
655 3187 717 3243 coll.
738 3189 793 3245 cie.
812 3191 849 3245 ad
872 3190 939 3244 tarn.
954 3190 1005 3244 VH
1023 3196 1080 3258 23
1099 3193 1144 3248 tie

132 3264 256 3317 simiolus
275 3261 362 3316 animi
380 3275 466 3314 eausa
482 3277 522 3315 ne
540 3262 572 3315 in
590 3277 667 3331 quem
684 3262 854 3319 inueheretur
871 3263 1012 3334 detranat.

204 3462 220 3510 3
241 3458 345 3529 serta]
374 3454 450 3525 apud
467 3456 501 3510 K.
519 3454 546 3510 V
564 3460 615 3509 590
642 3473 663 3511 s.
677 3473 703 3510 v.
722 3461 795 3512 serta
822 3459 876 3511 est:
905 3457 954 3510 sed
981 3457 1143 3528 Propertius

133 3525 203 3581 dicit
222 3546 283 3583 euni
301 3535 351 3584 tna
366 3528 552 3598 praepmdent
570 3529 699 3584 denrnsae
717 3528 748 3582 in
762 3529 866 3598 perum
883 3533 977 3585 sertae.
