2476 3914
458 853 565 925 Index
588 855 744 945 capitum.

97 1027 124 1078 p.
140 1007 186 1063 III.
209 1005 362 1062 Praefatio.

97 1107 124 1158 p.
140 1086 314 1143 v-XXVII.
338 1084 586 1143 commentariolus
604 1084 779 1160 isagogicus:

97 1187 124 1238 p.
139 1167 172 1224 V.
270 1167 337 1221 Ide
360 1165 547 1236 grammatica
570 1165 687 1234 antiqua
711 1182 799 1234 usque
823 1166 860 1220 ad
878 1165 965 1220 Plinii
982 1169 1110 1237 tempora

299 1245 394 1301 brevis
413 1245 577 1317 disputatio.

97 1346 125 1397 p.
140 1327 238 1383 XVHI.
257 1326 283 1381 11
302 1326 338 1382 de
355 1324 441 1380 Plinii
459 1324 580 1380 Secundi
597 1324 677 1380 libris
696 1325 896 1396 grammaticis.

143 1576 168 1633 l.
186 1574 272 1632 Plinii
291 1573 408 1632 Secundi
427 1573 565 1631 librarum
585 1573 662 1630 dntii
681 1574 817 1631 semcnir
836 1574 899 1632 VIII
916 1574 1068 1649 reliquiae:

298 1842 339 1899 a*
363 1843 398 1896 de
416 1841 549 1911 genetivo
568 1840 705 1913 singulari
723 1842 753 1895 in
771 1859 803 1897 aa
821 1844 947 1899 excunte.

302 1921 342 1978 b!
366 1921 401 1975 de
420 1921 550 1990 genetivo
570 1921 707 1990 singulari
725 1922 756 1975 in
773 1924 797 1976 c'c'
815 1924 942 1977 exeunte.

300 2002 339 2057 c*
362 2001 398 2055 de
418 2001 549 2071 genetivo
579 2001 716 2072 singulari
743 2000 829 2055 dubio
853 2005 928 2070 (cum
951 2001 1109 2057 differentia

365 2080 564 2136 vocabulorum
581 2098 783 2149 nonnunquam
801 2080 969 2152 coniuncto).

299 2163 343 2219 d*
367 2162 402 2216 de
421 2161 582 2218 accusativo
603 2160 739 2232 singulari
758 2159 852 2216 dubio.

304 2242 340 2298 a*
365 2241 400 2297 dc
419 2241 545 2298 ablativo
565 2240 703 2311 singulari
720 2241 821 2297 tertiae
841 2241 1047 2298 declinationis.

302 2323 341 2390 fi*
365 2322 400 2377 de
417 2321 578 2376 nominibus
597 2324 716 2391 quartae
734 2321 939 2378 declinationis.

173 2444 179 2456 .
297 2419 323 2472 p.
365 2401 399 2456 de
417 2401 549 2471 genetivo
568 2402 684 2470 quintae
703 2401 908 2458 declinationis.

172 2523 178 2536 .
294 2483 321 2537 In.
363 2482 398 2536 de
416 2481 590 2537 nominativo
608 2481 721 2552 plurali.

302 2561 338 2618 t*
361 2561 396 2616 de
420 2561 669 2617 dative-ablativo
691 2562 796 2632 plurali
818 2562 849 2616 in
866 2565 891 2618 is
915 2580 965 2634 pro
984 2565 1046 2621 Ibus
1064 2580 1108 2619 ex-

363 2644 455 2698 eunte.

172 2762 177 2775 .
294 2721 336 2776 Iu*
360 2721 395 2776 de
414 2721 545 2792 genetivo
563 2722 676 2792 plurali.

362 2821 388 2856 α.
409 2804 483 2872 (gen.
502 2820 617 2872 cumpro
637 2821 726 2873 arum,
744 2804 839 2874 crum).

362 2883 387 2953 β.
406 2885 480 2953 (gen.
498 2885 566 2952 ium,
585 2887 701 2953 (dorum
719 2887 749 2938 ct
767 2882 802 2937 dc
821 2881 918 2938 dative
936 2881 1030 2953 plur).

117 3003 123 3015 .
363 2980 387 3030 p.
409 2963 467 3028 (wm
485 2978 522 3016 an
539 2963 639 3031 itm).

95 3059 123 3111 p.
133 3046 176 3096 26.
301 3041 318 3096 I.
360 3040 395 3095 de
414 3041 576 3097 accusativo
594 3040 699 3111 plurali
717 3040 820 3096 tertiae
839 3039 1044 3096 declinationis.

95 3138 123 3189 p.
134 3126 176 3174 27.
282 3138 317 3175 m.
360 3120 395 3174 de
414 3119 653 3176 dative-ablativo
672 3119 777 3191 plurali
795 3119 826 3174 in
844 3123 911 3178 atra
930 3122 1057 3175 exeunte.

95 3218 122 3270 p.
134 3205 175 3256 28.
203 3200 244 3257 III
282 3200 323 3255 De
341 3199 590 3256 indeclinabilibus
610 3204 639 3257 et
658 3199 813 3256 defectivis.

94 3297 123 3349 p.
133 3286 176 3337 32.
203 3280 243 3335 IV
281 3280 323 3336 De
341 3279 542 3337 numeralibus.

94 3375 122 3428 p.
133 3365 176 3416 32.
217 3361 243 3415 V
281 3361 322 3415 De
340 3359 513 3431 pronomine.

94 3455 122 3508 p.
133 3445 176 3495 34.
204 3440 260 3495 Vl*
279 3441 321 3496 De
338 3441 432 3497 uerbo.
