2476 3914
391 165 642 221 commentariolus
660 164 831 234 isagogicus.
1010 166 1116 222 XXVII

93 328 160 366 rum
178 309 395 379 regularumque
414 307 535 363 colorem
553 307 729 379 agnovimus,
745 310 840 362 tamen
854 325 911 362 non
924 308 1017 363 minus
1036 326 1112 364 com-

96 391 184 446 mode
201 389 238 443 ab
251 388 287 443 iis
302 404 372 457 quos
386 387 448 458 ipse
462 387 589 457 sequitur
603 389 716 458 sumpta
732 389 869 456 quemad
884 388 943 443 eius
958 389 1116 459 exemplum

96 489 115 526 a
138 468 344 540 posterioribus
367 467 487 524 conficta
509 484 571 522 csse
593 469 718 538 possint,
742 484 860 536 quorum
882 468 973 523 maior
994 487 1061 539 pars
1085 468 1116 523 in

95 549 242 621 capitibus
260 548 297 602 iis
314 547 499 618 reperiuntur,
514 564 588 616 quae
607 550 673 602 sunt
691 549 726 602 de
741 547 835 602 dubiis
854 547 999 602 nominum
1017 548 1115 604 formis

98 634 132 685 et
151 630 186 684 de
205 628 365 683 differentia
382 628 530 683 verborum
549 630 586 698 (p.
600 633 635 681 45
647 631 726 696 sqq).
754 628 848 696 Atque
866 626 897 680 in
911 629 1042 683 contextu
1055 646 1116 684 ver-

98 710 201 763 borum
219 706 448 762 honorationem
467 710 664 778 secutarum,
683 712 716 763 ut
733 708 828 778 potius
841 708 964 777 paucula
977 709 1116 763 voeabula

104 786 274 856 excerptoris
300 785 410 840 intacta
437 785 624 854 relinquerem
653 804 739 856 quam
766 790 858 842 totum
883 787 977 841 locum
999 786 1115 841 circum-

103 867 222 922 cidendo
249 866 419 922 mutilarem.
456 865 558 921 Omnes
585 868 634 936 qui
662 868 824 937 fragmenta
849 867 958 922 solutae
980 865 1115 921 orationis

103 946 153 1017 qui
176 947 308 1002 dicuntur
335 945 503 1016 scriptorum
531 947 630 1018 edunt,
658 947 749 1004 vereri
777 948 939 1002 debentne
962 949 1115 1016 excerptor,

102 1043 178 1097 quae
203 1026 259 1082 sibi
283 1026 453 1096 displiceant
475 1027 602 1098 omittat,
631 1045 704 1097 quae
727 1028 860 1098 placeant
883 1028 979 1082 addat,
1015 1027 1116 1095 ltaque

100 1110 217 1163 tantum
235 1107 317 1162 abest
334 1110 366 1162 ut
384 1106 519 1161 librorum
538 1108 617 1162 dubii
636 1108 770 1164 sermonis
789 1107 924 1176 reliquias
941 1108 1066 1178 integras
1085 1105 1116 1160 in

100 1189 196 1243 lucem
215 1187 343 1242 emittere
360 1185 432 1240 mihi
449 1186 559 1258 videar,
581 1190 613 1243 ut
631 1189 706 1244 ultro
725 1206 771 1243 me
789 1188 886 1258 magni
900 1188 992 1258 operis
1011 1187 1115 1242 minus-

103 1268 198 1324 culam
215 1270 326 1337 partem
344 1265 481 1321 intortam
499 1268 528 1321 et
546 1269 743 1323 conturbatam
762 1267 1010 1338 grammaticorum
1025 1266 1116 1320 mani-

102 1349 157 1403 bus
177 1347 276 1403 offerre
294 1347 435 1418 profitear.
470 1346 646 1416 Quamquam
666 1348 753 1403 etsie
772 1347 887 1416 quidem
904 1349 970 1417 post
982 1345 1115 1401 Varronis

100 1428 240 1483 librorum
261 1427 396 1496 reliquias
418 1426 546 1496 inprimis
570 1427 657 1497 digna
681 1431 757 1498 sunt,
781 1443 854 1495 quae
876 1427 906 1480 in
928 1443 1015 1491 unum
1038 1424 1116 1478 colli-

102 1510 217 1580 gantur.
253 1507 458 1561 Adnotationes
482 1505 596 1562 criticae
619 1524 692 1576 quae
716 1507 847 1562 dicuntur
868 1505 945 1560 intra
963 1521 1027 1559 suos
1046 1504 1115 1559 fines

103 1586 275 1643 coercendae
305 1603 366 1642 esse
397 1587 469 1640 mihi
499 1586 675 1643 videbantur.
721 1587 888 1655 Plerumque
914 1588 976 1641 tum
1003 1586 1115 1640 demum

101 1668 235 1724 codicum
257 1667 425 1737 scripturam
446 1666 549 1737 adieci,
573 1669 623 1721 aut
642 1666 678 1720 ad
696 1666 783 1721 Keilii
801 1668 968 1736 apparatum
987 1667 1115 1721 criticum

102 1747 232 1818 relegavi
245 1763 308 1801 enm
326 1764 382 1801 non
400 1746 501 1801 inutile
516 1747 560 1802 vel
574 1763 688 1802 necesse
703 1749 765 1802 erat
779 1747 850 1801 scire
864 1746 957 1801 varias
971 1746 1115 1801 lectiones.

104 1829 183 1894 Quae
202 1829 253 1882 1111
272 1825 323 1881 1111
342 1828 392 1882 aut
411 1843 462 1896 ego
482 1826 701 1896 emendavimus,
720 1829 752 1881 ut
770 1843 822 1896 par
840 1827 892 1896 111,
912 1842 960 1879 suo
977 1826 1039 1880 loco
1053 1842 1115 1895 per-

103 1926 213 1978 scripsi.
