2476 3914
40 240 42 246 ,
139 184 180 247 38
567 183 608 237 De
627 185 719 240 verbe.

138 337 218 394 enim
236 338 334 395 tracta
352 335 528 413 intellegere
547 354 638 412 quam
657 336 783 396 inversu.
821 335 958 395 luxurior
975 335 1007 393 in
1026 335 1150 394 crimine

139 427 193 501 est,
216 427 252 483 ut
275 423 433 484 Cornelius
457 424 586 484 Severus
610 425 654 483 uit
682 426 869 484 luuuu'uutur
896 441 963 499 opes
985 429 1069 497 utque
1092 427 1151 483 otiu

139 514 225 587 louya
249 519 425 590 urouuutur3
458 513 578 572 luxurio
611 517 713 572 1111111
740 513 772 571 in
799 513 902 589 laude,
932 515 968 571 11
994 512 1151 590 Vergilius

139 603 323 675 luxuriatque
341 605 419 662 toris.
448 602 599 679 significat
618 603 697 661 enim
715 621 775 660 non
794 602 950 662 lasciviam
968 602 1078 661 mentis
1098 603 1151 661 sed

110 690 352 752 shabitudinem.
390 691 448 767 (De
463 691 531 750 aliis
545 691 682 768 vestigiis
696 691 843 749 Plinianis
857 691 926 750 vide
940 712 968 767 p.
981 691 1021 750 37
1044 683 1149 772 infra.)

201 780 292 839 Prisc.
313 783 385 857 393,
401 783 418 838 7
444 781 592 857 amplecto
617 798 737 857 quoque
755 799 810 855 pro
830 780 995 855 amplector
1015 782 1045 838 et
1064 798 1147 840 eom-

135 869 235 945 pleeto
258 888 313 945 pro
337 868 525 943 complector.
564 869 615 928 sed
639 871 670 927 et
693 888 798 928 eorum
821 871 851 927 et
874 869 1063 944 superiorum
1087 888 1149 927 om·

135 958 220 1016 nium
242 976 315 1016 usus
344 960 408 1016 tam
432 959 513 1034 apud
537 956 667 1034 Ceprum
693 977 784 1034 quam
807 957 939 1017 Plinium
962 961 993 1016 et
1014 957 1150 1017 Probum

135 1065 279 1107 mvenres.

96 1150 122 1190 ro
202 1134 237 1193 K.
253 1134 281 1191 V
296 1137 371 1212 233,
386 1137 428 1195 34
443 1124 561 1215 (Pom'p.
576 1127 697 1216 comm.)
716 1136 807 1195 adulo
825 1135 925 1194 media
944 1135 1061 1211 syllaba
1079 1155 1148 1210 pro-

136 1223 264 1282 ducitur.
297 1225 386 1300 plane
405 1225 437 1282 in
455 1225 514 1284 isto
533 1224 624 1286 verbo
644 1224 760 1283 Plinius
779 1224 934 1283 Secundus
954 1223 1036 1282 dedit
1054 1242 1148 1282 unam

134 1312 293 1372 rationem.
331 1313 474 1391 quidest
497 1314 587 1373 adulo
611 1316 642 1372 et
666 1314 738 1390 quid
758 1317 804 1372 est
827 1311 952 1372 adulor?
991 1313 1065 1371 dicit
1089 1313 1148 1372 dis-

136 1402 299 1460 cretionem
328 1422 383 1479 per
410 1421 503 1463 casus.
550 1403 669 1480 quando
693 1403 739 1463 vis
767 1403 855 1478 quasi
878 1402 1008 1460 activam
1032 1401 1147 1479 signifi-

135 1491 286 1550 cationem
299 1491 499 1567 introducere,
513 1492 721 1552 accusativum
734 1492 791 1568 fao,
806 1491 897 1550 adulo
907 1491 1010 1566 illum,
1026 1492 1147 1567 quando

96 1594 123 1634 11
137 1581 182 1639 vis
210 1581 298 1656 quasi
324 1583 476 1657 passivam
504 1580 753 1658 significationem
779 1580 982 1656 introducere,
1010 1579 1148 1639 dativum

135 1669 196 1744 fac,
220 1669 326 1727 adulor
348 1669 409 1728 illi:
433 1673 465 1728 et
487 1670 577 1728 adulo
600 1670 689 1727 illum
713 1672 744 1729 et
762 1669 870 1728 adulor
887 1669 941 1727 illi.
976 1671 1007 1727 et
1024 1687 1056 1726 re
1075 1687 1147 1727 vera

135 1757 213 1815 hanc
231 1757 379 1816 rationem
398 1758 490 1816 etiam
505 1756 608 1817 Cicero
627 1761 749 1818 secutus
768 1760 829 1816 est:
849 1776 919 1815 nam
937 1757 969 1815 in
987 1757 1046 1816 fine
1062 1757 1146 1816 Piso-

135 1845 241 1904 nianae
265 1846 296 1903 in
319 1846 428 1905 ultimo
452 1847 551 1922 eapite
574 1847 619 1905 ita
642 1846 730 1923 dixit,
761 1863 858 1906 ouues
880 1848 1062 1922 odutuuteu,
1086 1865 1146 1906 non

135 1926 210 1993 dixit
234 1929 383 1994 ‘omnibus
407 1928 602 1996 adulantem'.
648 1955 720 2013 ergo
744 1935 850 1994 adulor
876 1935 923 1993 illi
946 1934 1072 1994 dicimus
1102 1933 1147 2010 [et

97 2040 124 2079 11
138 2023 228 2083 adulo
251 2021 310 2099 illi]
336 2027 366 2083 et
389 2024 480 2083 adulo
504 2024 599 2084 illurn.

200 2113 281 2174 Serv.
298 2113 576 2173 adtumulata
600 2131 683 2172 mens
707 2110 852 2191 augurat]
877 2132 993 2190 auguro
1017 2113 1145 2172 dicimus

18 2232 23 2240 ·
135 2203 298 2261 secundum
311 2203 452 2282 Plinium,
466 2221 535 2262 cum
548 2203 706 2280 praesagio
721 2203 830 2261 mentis
844 2202 950 2261 futura
964 2202 1144 2279 colligimus

134 2310 266 2366 auguror
289 2311 360 2353 vero
383 2296 470 2370 tunc,
498 2311 567 2350 cum
589 2292 694 2352 futura
716 2292 795 2352 veris
819 2295 976 2368 captamus
999 2291 1145 2368 auguriis.

201 2381 282 2440 Serv.
298 2381 337 2439 ad
350 2380 454 2441 Aenl
471 2383 532 2441 546
553 2381 579 2439 si
597 2381 730 2441 vescitur
749 2377 837 2455 aura]
857 2397 962 2441 vescor
979 2379 1034 2437 illa
1051 2399 1093 2456 re,
1108 2384 1145 2439 ut

94 2482 120 2522 rs
134 2469 207 2527 alibi
229 2473 352 2529 uescitur
376 2518 381 2529 .
401 2518 406 2528 .
428 2518 433 2528 .
459 2473 537 2529 eutis.
573 2489 628 2530 nec
650 2488 705 2529 nos
730 2469 861 2544 decipiat
885 2468 965 2545 quod
989 2468 1062 2526 dicit
1081 2469 1142 2527 Pli-

133 2690 188 2743 Sed
206 2690 328 2744 maxime
348 2692 467 2760 apparet
486 2707 520 2744 ex
539 2689 680 2744 Ciceronis
699 2689 717 2744 1.
738 2690 772 2743 de
791 2689 883 2759 gloria
898 2689 997 2757 (Diom.
1012 2695 1074 2760 382,
1089 2694 1144 2760 26),

133 2761 209 2828 quod
227 2778 296 2830 opus
317 2764 346 2816 et
364 2761 470 2831 oh.e1‚
487 2766 520 2814 13
539 2763 568 2815 et
587 2766 647 2829 133,
663 2767 679 2814 9
702 2761 732 2814 in
749 2760 886 2814 Plinianis
905 2760 1059 2829 invenitur,
1082 2763 1145 2815 tum

133 2847 167 2884 ex
185 2831 220 2884 iis
236 2849 308 2899 quae
326 2835 391 2887 sunt
404 2832 493 2887 Diom.
510 2837 570 2901 385,
586 2838 621 2887 30
636 2833 766 2902 (Scaurus
782 2831 901 2901 devita)
917 2834 946 2885 et
960 2837 1020 2900 387,
1035 2838 1051 2885 6
1066 2831 1144 2901 (1111-

133 2901 196 2971 gius
210 2903 318 2973 Rufus).
331 2936 368 2944 -
382 2904 494 2959 6Prisc.
510 2909 570 2973 393,
586 2909 601 2957 7
622 2903 804 2974 amplecto]
819 2902 887 2956 Inde
902 2919 920 2956 a
932 2919 997 2973 pag.
1009 2908 1060 2957 380
1070 2920 1145 2957 11111-

132 2973 227 3042 plures
251 2979 379 3029 auctores
402 2976 561 3030 miscentur.
603 2973 734 3028 Pliniana
757 2973 804 3027 hic
830 2973 890 3026 illic
911 2990 962 3042 per
985 2973 1143 3044 scriptores,

133 3061 203 3113 quos
221 3043 329 3098 Plinius
350 3046 425 3101 solus
445 3046 580 3101 adhibere
600 3046 679 3114 solet,
698 3044 782 3098 facile
797 3060 887 3099 eruas.
910 3043 975 3099 Non
989 3044 1030 3099 sic
1047 3049 1145 3100 tamen

132 3116 252 3171 multum
274 3117 442 3185 proficimus.
480 3117 579 3186 Neque
606 3132 726 3186 magnae
754 3115 874 3170 utilitati
897 3117 940 3169 est
963 3118 1049 3197 caput
1071 3116 1144 3170 illud

133 3186 293 3242 Gellianum
317 3187 361 3256 (N.
381 3188 413 3243 A.
434 3193 476 3258 18,
492 3192 536 3258 12)
563 3204 654 3256 neque
677 3187 784 3240 Nonius
807 3187 852 3255 (de
876 3186 1023 3240 contrariu
1049 3203 1143 3256 gener.

132 3259 299 3324 verborum).
331 3259 364 3312 ln
377 3258 431 3313 hoc
443 3277 537 3313 rerum
555 3261 632 3313 statu
646 3259 772 3328 relegare
787 3259 823 3312 ad
837 3257 897 3326 hos,
917 3257 967 3326 qui
984 3257 1078 3312 aliena
1092 3275 1143 3329 pro

134 3330 191 3383 suis
214 3330 374 3398 venditant,
402 3330 470 3385 satis
493 3330 593 3385 habeo.
626 3330 661 3384 cf.
682 3329 822 3398 Schmidt,
851 3330 885 3383 de
907 3328 994 3382 Nonii
1016 3329 1144 3383 Marcelli

133 3401 294 3456 auctoribus
312 3418 429 3471 gramm.
443 3420 471 3471 p.
487 3407 529 3456 61.
549 3400 681 3469 Quisquis
695 3399 750 3454 fuit
763 3405 870 3469 auctor,
885 3401 919 3453 de
929 3399 1042 3454 Valerio
1052 3401 1142 3455 Probo

131 3471 246 3541 Berytio
265 3472 380 3527 minime
399 3473 581 3541 cogitandum
599 3488 660 3527 1111
679 3471 749 3524 mihi
768 3475 886 3526 constat.
906 3502 939 3511 -
959 3476 994 3523 24
1013 3471 1088 3526 Serv.
1105 3473 1143 3525 ad

131 3541 214 3612 Verg.
233 3545 301 3599 nen.
321 3545 333 3598 1
353 3545 416 3617 111]
436 3543 470 3598 of.
491 3543 528 3597 aa
546 3544 614 3598 Aen.
634 3543 777 3611 11111
798 3547 858 3611 cu,
877 3542 902 3596 x
921 3546 982 3596 111.
