2476 3914
248 846 663 921 Commentariolus
691 846 959 945 isagogicus.

99 1021 125 1075 Ι.
146 1019 182 1073 de
201 1019 399 1086 grammatica
418 1019 546 1153 antiquasi
561 1031 663 1154 risqutei
681 1019 719 1073 ad
737 1018 832 1074 Plinii
851 1019 990 1089 tempora
1008 1019 1110 1074 brevis

548 1113 637 1168 spus
665 1113 694 1155 o.

169 1224 197 1279 C.
216 1223 323 1278 Plinii
343 1223 491 1278 Secundi
513 1222 580 1276 libri
603 1222 683 1277 dubii
709 1222 843 1277 sermonis
862 1222 1110 1293 grammaticorum

98 1303 253 1358 studiorum
272 1303 349 1373 apud
362 1303 503 1358 Romanos
519 1302 601 1371 quasi
618 1302 712 1357 ultimi
725 1303 807 1357 flores
823 1306 895 1358 sunt.
924 1302 1001 1368 Quae
1016 1303 1111 1357 studia

97 1382 224 1452 quamvis
242 1385 308 1453 post
327 1400 393 1438 eum
410 1399 461 1452 per
478 1383 593 1451 longam
608 1399 744 1438 annorum
763 1383 863 1438 seriem
881 1383 912 1438 in
930 1385 1034 1439 honore
1050 1401 1110 1440 esse

96 1481 152 1518 non
183 1463 331 1533 desierint,
359 1463 430 1517 adeo
458 1467 490 1517 ut
521 1462 577 1532 ipsi
606 1461 740 1517 Caesares
767 1464 838 1518 haec
866 1463 960 1518 studia
987 1464 1111 1518 colerent

97 1544 400 1613 grammaticorumque
420 1544 564 1598 cohortem
582 1542 687 1597 honore
704 1546 947 1613 prosequerentur,
961 1546 1058 1598 tamen
1076 1561 1110 1598 ex

95 1640 200 1693 magna
218 1625 300 1693 parte
314 1621 344 1676 in
359 1622 533 1677 excutiendis
546 1626 575 1676 et
587 1623 813 1693 pervestigandis
827 1625 953 1678 veterum
969 1623 1109 1678 thesauris

94 1704 281 1758 versabantur
289 1703 467 1773 grammatici
478 1705 528 1757 aut
536 1703 569 1757 de
578 1703 791 1770 quaestionibus
800 1703 971 1774 disputando
979 1703 1109 1758 futilibus

94 1787 206 1853 tempus
224 1782 363 1838 terebant.
400 1782 487 1837 Plinii
506 1785 601 1837 aetate
619 1783 719 1853 lingua
733 1783 832 1838 'latina
850 1784 959 1854 optima
981 1784 1040 1837 iam
1059 1801 1110 1838 sua

95 1869 224 1933 tempora
241 1864 424 1934 percurrerat,
439 1863 531 1918 multa
551 1865 581 1917 et
598 1881 652 1917 usu
669 1863 715 1918 vel
734 1862 935 1918 consuetudine
954 1867 983 1919 et
1000 1863 1109 1918 ratione

96 1948 194 1999 sancta
214 1945 307 2011 erant,
332 1942 390 1996 alia
407 1942 648 1998 nobilissimorum
666 1943 789 1997 virorum
808 1944 977 1998 auctoritate
995 1943 1026 1997 in
1047 1960 1110 2013 per-

93 2028 210 2094 petuum
224 2023 349 2078 omnium
363 2023 464 2077 animis
479 2024 574 2079 infixa.
604 2023 713 2078 silebat
730 2040 818 2093 genus
834 2040 938 2093 eorum,
958 2023 1007 2090 qui
1026 2026 1110 2076 antea

95 2107 145 2158 aut
160 2103 308 2173 analogiae
327 2105 378 2157 aut
391 2103 550 2158 anomaliae
564 2106 660 2173 partes
678 2103 880 2168 defendebant3
901 2102 1009 2156 dabant
1022 2102 1109 2156 etiam

96 2183 206 2238 aurium
231 2183 335 2238 iudicio
363 2184 449 2250 atque
472 2200 610 2237 summam
634 2181 830 2237 consuetudini
853 2182 1020 2250 auriumque
1046 2198 1110 2235 sua-

94 2263 181 2317 vitati
193 2263 371 2317 tribuendam
386 2279 446 2317 esse
462 2263 621 2317 censebant.
627 2262 646 2332 1)
672 2262 793 2330 Tempus
808 2263 870 2315 erat
882 2261 967 2316 valde
977 2260 1110 2315 idoneum

96 2360 233 2397 annorum
262 2345 306 2398 tot
335 2342 473 2397 cuniculo
505 2344 634 2412 peracto,
663 2360 726 2396 cum
757 2343 906 2412 poetarum
938 2344 967 2395 et
1000 2340 1109 2396 solutae
1171 2336 1175 2343 '

96 2423 231 2478 orationis
251 2423 417 2493 scriptorum
440 2439 525 2492 opera
543 2425 657 2493 praesto
672 2425 766 2478 essent
783 2438 959 2492 magnusque
977 2439 1109 2477 numerus

94 2504 239 2558 hominum
253 2503 392 2557 voeabula
405 2503 521 2573 rariora,
533 2503 743 2574 etymologiam,
759 2503 991 2573 orthographiam
1004 2506 1110 2558 tracta-

92 2585 188 2653 visset,
208 2585 246 2638 ad
263 2586 356 2638 totum
373 2584 489 2654 linguae
509 2584 669 2638 aedificium
694 2583 858 2654 diligentius
878 2583 1107 2654 conspiciendum

94 2665 276 2735 singulasque
294 2669 390 2735 partes
414 2666 614 2734 recensendas,
632 2665 741 2720 incerta
764 2681 813 2719 suo
836 2665 898 2719 loco
923 2664 1106 2734 disponenda,

93 2745 187 2798 dubiis
211 2744 374 2799 firmitatem
397 2745 586 2800 tribuendam.
624 2745 653 2800 Si
675 2744 798 2799 virorum
820 2745 967 2799 doctorum
990 2744 1108 2812 indaga-

92 2824 218 2879 tionibus
232 2825 282 2879 lux
298 2826 360 2878 orta
370 2826 422 2894 est,
437 2824 461 2878 si
470 2824 579 2880 incerta
589 2827 674 2894 certa,
689 2823 776 2878 dubia
786 2824 874 2893 digna
883 2824 937 2879 fide
947 2824 1026 2878 facta
1036 2827 1108 2892 sunt,

95 2905 180 2959 siria
195 2921 227 2958 ac
241 2903 351 2958 ratione
366 2905 514 2958 emendare
530 2907 616 2972 atque
631 2920 761 2959 enarrare
776 2903 926 2973 scriptores
941 2904 1107 2972 didicerunt,

92 2987 154 3039 tum
173 2985 284 3038 demum
304 2983 423 3038 scientia
441 2983 558 3053 linguae
582 2983 712 3039 subtilior
731 2982 818 3038 etiam
840 3000 990 3053 puerorum
1013 2982 1109 3037 studia

94 3064 229 3117 adiuvare
255 3066 285 3117 et
307 3064 472 3119 collustrare
500 3080 557 3119 non
586 3066 706 3119 recusat.
745 3063 824 3128 Quod
853 3063 877 3118 si
904 3064 946 3118 ita
974 3067 1029 3132 est,
1052 3078 1109 3115 non

92 3145 229 3197 miramur
252 3143 327 3209 quod
349 3143 436 3198 Plinii
460 3161 543 3214 opere
566 3144 691 3213 perfecte
719 3144 848 3198 ludorum
874 3142 1004 3212 magistri
1032 3142 1107 3193 artes

93 3241 158 3277 suas
188 3238 354 3291 componere
380 3223 582 3293 instituebant,
611 3241 728 3292 quorum
755 3223 862 3293 primus
891 3225 935 3276 est
962 3217 1105 3273 Remmius

91 3303 254 3356 Palaemon.
287 3302 382 3371 Usque
402 3304 439 3358 ad
457 3303 518 3358 eius
536 3306 647 3373 tempus
666 3303 761 3358 studia
779 3301 965 3373 grammatica
983 3297 1105 3367 plerum-

94 3383 197 3452 quein
217 3383 336 3438 scientia
359 3386 484 3453 partium
508 3382 644 3438 orationis
667 3383 749 3438 etin
770 3381 971 3438 vocabulorum
994 3393 1105 3432 enarra-

161 3530 181 3577 1)
197 3527 261 3570 Char.
273 3530 318 3581 123,
327 3529 352 3578 ὃς
367 3529 412 3567 Zur
427 3527 617 3577 Quellenanalyse
631 3527 697 3575 (Phil.
707 3528 735 3568 N.
744 3527 769 3566 F.
778 3525 825 3564 112
838 3535 859 3571 p.
869 3522 923 3573 259).
