2476 3914
111 183 155 248 94
262 181 475 238 Adnotationes.
511 181 553 236 De
572 180 707 236 adverbio
726 183 755 236 et
773 180 975 237 coniunctione.

112 334 245 412 antiquis
260 332 464 411 grammaticis
482 335 546 392 tam
564 351 633 392 raro
652 335 826 409 usurpatur,
838 334 878 392 nt
894 332 947 394 vix
963 332 1123 394 inhonore

109 423 142 482 id
164 424 257 482 fuisse
279 422 360 481 dicas
396 414 493 503 (Serv.
512 421 551 480 ad
564 421 654 500 Verg.
674 422 728 482 ecl.
744 424 773 500 8,
789 424 844 499 713
868 419 980 482 Comm
994 421 1122 482 Einsidl.

111 511 213 572 anecd.
228 511 315 573 Helv.
329 532 360 589 p.
371 513 444 588 210,
455 502 499 592 5).
523 509 647 569 (lartum
662 512 707 570 est
722 511 863 587 antiquos
876 529 937 585 non
950 510 1128 571 distinxisse

110 601 191 660 inter
212 599 360 679 gerundia
388 602 419 659 et
445 599 625 677 gerundiva3
652 599 731 658 male
753 599 845 658 iidem
872 599 953 659 inter
979 600 1124 676 supinum
1179 661 1182 665 ,

110 690 244 750 activum
272 692 303 749 et
329 689 483 766 passivum
515 687 743 766 distinguebant
771 680 884 769 (Diem.
905 689 978 765 342,
999 690 1039 748 13
1054 681 1124 771 sq.).

113 777 220 838 Graeci
239 780 342 838 antem
359 777 437 836 illud
455 796 564 837 nomen
581 777 702 836 verbale
722 776 803 854 quod
821 773 902 837 -τέον
919 776 1024 837 finitur
1041 773 1125 858 ἐπίρ-

112 889 192 946 ρημα
214 865 335 928 tercado
359 866 562 943 appellabant.
609 865 689 935 Quid
710 863 832 926 δετιιιέν
856 865 1017 944 significet,
1040 866 1125 926 baud

112 957 201 1015 facile
221 956 367 1015 enuclees.
399 954 469 1013 Veri
489 954 676 1014 simillimum
698 955 818 1014 videtur
841 972 891 1014 eos
915 955 1063 1032 cogitasse
1087 955 1124 1016 de

111 1048 273 1122 praecepio
297 1044 346 1106 vel
368 1044 405 1103 de
429 1043 526 1103 edicto
546 1043 627 1120 quod
651 1046 697 1103 est
719 1044 751 1102 in
773 1039 948 1103 παιδευτέον
970 1040 1043 1120 έστί;
1062 1043 1122 1103 He-

112 1134 232 1212 sychius
265 1150 288 1193 s.
310 1153 338 1193 v.
371 1130 491 1192 θετικόν
522 1132 741 1208 interpretatur
772 1133 828 1193 sic:
864 1130 896 1192 τὸ
929 1128 1123 1212 ὀφειλόμενον

109 1218 258 1302 γενέσθαι.
291 1220 408 1280 Plinius
431 1224 532 1280 tamen
551 1214 731 1300 ‘gerundia'
751 1225 854 1282 nostra
876 1222 957 1281 inter
980 1220 1123 1283 adverbia

112 1311 271 1387 qualitatis
293 1311 405 1387 posuit,
423 1311 583 1370 nonnullos
606 1311 818 1389 grammaticos
837 1329 960 1388 graecos
984 1329 1121 1389 sequens,

111 1402 164 1478 qui
186 1401 368 1462 vocabulum
391 1396 537 1480 ἐπίρρημα
558 1400 666 1460 latiore
689 1418 779 1458 sensu
797 1398 993 1476 accipiebant.
1025 1400 1122 1459 Erant

110 1489 284 1565 imperativi
298 1486 379 1570 φέρε,
392 1485 445 1569 ἄγε
463 1486 644 1568 ἐπιρρήματα
657 1489 896 1568 παρακελεύσεως
911 1489 1023 1566 quippe
1042 1506 1122 1568 quae

111 1597 179 1637 cnm
202 1579 302 1639 verbis
325 1597 414 1655 saepe
444 1579 710 1656 coniungerentur3
739 1596 792 1637 cnr
819 1578 884 1637 eius
911 1577 994 1637 modi
1022 1578 1122 1638 elocu-

110 1668 221 1745 tiones,
245 1668 342 1729 velnti
369 1669 415 1726 est
437 1662 612 1726 παιδευτέον
634 1685 703 1726 cnm
725 1667 816 1727 verbo
845 1666 1034 1727 substantivo
1062 1662 1125 1726 ἐστέ

110 1757 317 1830 coniunctum,
339 1775 400 1815 non
421 1755 502 1814 inter
524 1755 668 1815 adverbia
691 1755 866 1815 enumeres?
911 1757 1019 1833 Itaque
1042 1751 1122 1835 ἐπιρ-

110 1842 224 1923 ρήματα
252 1841 407 1920 ποιότητος
439 1862 475 1902 ea
507 1843 714 1921 appellabant,
743 1863 927 1921 quamquam
959 1844 1032 1921 quid
1064 1843 1123 1904 sibi

109 1933 185 1994 velit
216 1932 294 1991 illud
321 1928 476 2008 ποιότητος
503 1951 562 1990 non
590 1933 783 2010 perspicuum
811 1936 864 1993 est.
910 1933 1051 1993 Fortasse
1078 1933 1123 1994 sic

109 2018 165 2099 τὴν
191 2020 333 2099 ποίοτητα
359 2021 444 2082 verbi
475 2022 658 2082 substantivi
690 2041 721 2082 se
753 2023 876 2083 definire
909 2022 1124 2082 existimabant

110 2102 163 2192 (of.
185 2115 280 2182 καλῶς
303 2107 372 2189 ἔστι,
395 2111 514 2170 abunde
538 2105 607 2194 est).
654 2110 795 2172 (laterum
816 2112 885 2175 vide
908 2113 1122 2172 Neumannum

109 2220 138 2276 p.
155 2202 205 2260 34.
228 2202 264 2260 In
283 2197 459 2279 συνδέσμοις
478 2191 768 2284 (coniunctionibus)
788 2203 868 2279 apud
888 2201 1016 2261 Graecos
1035 2203 1123 2260 erant

109 2285 289 2370 έπιφοριιιοί,
313 2308 388 2367 quos
411 2290 583 2350 Priscianus
606 2290 653 2350 HI
669 2292 740 2368 100,
753 2294 792 2351 15
817 2290 1042 2351 coniunctiones
1061 2289 1121 2348 col·

109 2378 236 2441 lectivas
256 2380 305 2440 vel
323 2378 457 2440 illativae
477 2378 560 2456 dicit,
575 2379 656 2456 qnod
669 2380 849 2457 praepositis
863 2379 930 2440 aliis
948 2378 1122 2438 inferuntur

110 2456 212 2546 (ergo,
235 2468 331 2546 igitur
355 2470 426 2541 101,
448 2461 491 2549 6).
538 2467 597 2527 Sed
623 2468 758 2530 illativae
787 2469 868 2545 apud
889 2467 1022 2527 Plinium
1049 2470 1123 2527 sunt

110 2574 172 2633 eae,
191 2576 269 2633 quae
293 2557 331 2615 ab
355 2556 423 2615 aliis
447 2556 671 2616 coniunctiones
696 2558 903 2618 adversativae
926 2555 1122 2632 appellantur

110 2635 319 2726 (quamquam,
343 2644 489 2721 quamvis
508 2645 575 2720 etsi,
594 2637 673 2724 cet).
707 2646 816 2723 Itaque
839 2647 971 2705 multum
992 2663 1012 2704 a
1033 2643 1120 2704 nobis

110 2733 265 2811 differunt,
299 2731 407 2809 quibus
439 2732 497 2791 hae
530 2733 754 2792 coniunctiones
791 2735 999 2795 adversativae
1035 2735 1120 2793 sunt:

109 2816 191 2899 ἀλλά,
215 2817 257 2898 δέ,
280 2822 321 2899 at,
345 2824 456 2899 autem,
480 2821 540 2881 sed.

507 3106 719 3134 ..--.L.—.
