2476 3914
398 125 646 182 Commentariolus
666 126 834 200 isagogicus.
1054 134 1120 191 XIII
1169 192 1176 207 ‚

178 266 423 338 Comparationem
450 270 549 338 (genus
576 271 709 340 augendi)
741 273 798 327 sive
831 275 1039 330 contentionem
1070 278 1118 331 veI

107 349 296 404 conlationem
334 348 472 418 appellat,
509 350 693 419 comparativi
730 355 758 406 et
803 354 968 423 superlativi
1003 357 1118 412 nomina

105 429 219 498 ignorat
237 430 284 499 (cf.
303 427 428 499 doripetron
446 430 609 501 cognosceret
628 434 657 486 et
674 432 867 503 ὑπερθετικά).
904 435 1001 491 Nihilo
1024 437 1116 492 minus

107 508 240 563 adhibuit
263 526 346 564 voces
371 508 522 578 ‘primum’
549 510 667 582 (posit),
689 512 843 567 ‘medium'
870 517 1026 587 (compar),
1047 519 1117 572 ‘ter-

105 589 193 643 tium'
214 589 339 660 (superl.)
357 589 431 660 (VIII
451 593 503 659 76).

176 671 320 725 Hactenus
348 670 383 724 de
408 668 577 726 nominibus.
615 670 747 739 Sequitur
774 675 807 727 ut
834 674 869 728 de
900 674 986 729 verbo
1015 676 1117 745 dicam,

109 750 164 804 etsi
182 751 216 804 de
233 751 289 804 hac
306 753 387 819 parte
406 750 542 805 orationis
560 751 737 807 Varroniano
760 754 789 806 et
812 752 847 806 de
871 752 987 821 reliquis
1013 771 1117 824 magna

105 833 187 900 parte
200 830 397 886 librorumVH
407 833 435 885 et
445 831 483 884 IX
498 830 645 900 deperdita
663 848 718 886 non
728 832 818 887 multa
827 832 951 902 proferre
961 850 1116 903 possumus.

174 911 268 967 Primo
290 911 465 966 ‘declinatio’
486 911 532 967 vel
556 911 767 982 ‘inclinatio’(?)
786 912 865 967 verbi
880 913 1051 970 mutationes
1067 932 1116 985 ap·

106 992 300 1062 pellabantur;
316 990 555 1062 ‘coniugationis'
570 992 739 1047 vocabulum
757 995 895 1064 (συζυγία)
913 994 1115 1064 posterioribus

104 1071 279 1142 temporibus
299 1074 434 1128 servatur.
472 1071 552 1138 Quod
575 1073 613 1126 ad
636 1072 784 1127 verborum
806 1075 1005 1144 temporalium
1029 1077 1116 1131 ratio-

103 1169 169 1206 nem
197 1153 313 1223 attinet,
341 1155 437 1222 partes
465 1153 552 1223 (sunt)
575 1155 722 1222 quattuor,
748 1153 917 1224 ‘tempora',
938 1156 1115 1228 ‘personae’,

109 1235 254 1304 ‘genera',
282 1233 466 1288 ‘divisiones'
487 1233 607 1303 (Ixos).
644 1233 798 1288 Numerum
826 1234 942 1303 agnovit
970 1235 1026 1291 alio
1053 1237 1115 1292 loco

105 1314 141 1384 (X
161 1316 218 1383 33),
244 1331 333 1384 genus
358 1313 511 1368 ‘faciendi’
537 1315 566 1367 et
590 1313 748 1382 ‘patiendi’
774 1313 925 1384 distinguit
950 1316 1029 1371 velut
1055 1334 1114 1387 uro,

103 1412 190 1465 ungo,
214 1412 292 1465 uror,
315 1411 405 1463 ungor
427 1393 526 1464 (ibid.).
562 1392 657 1447 Verba
686 1410 758 1461 quae
787 1395 956 1463 deponentia
984 1396 1116 1452 dicuntur

103 1475 203 1530 leviter
239 1475 334 1546 tangit
370 1473 423 1544 (IX
455 1477 534 1544 107),
570 1472 640 1527 item
676 1473 885 1541 frequentativa
917 1474 995 1544 ‚fab
1029 1477 1116 1530 semel

104 1558 132 1610 et
164 1555 293 1625 saepius’
328 1557 360 1609 ut
392 1552 482 1608 scribo
513 1552 591 1622 lego,
624 1552 782 1621 scriptitavi
817 1553 967 1608 lectitavi“
1000 1555 1035 1627 (X
1061 1559 1113 1626 33).

102 1636 134 1690 In
184 1635 323 1691 divisione
371 1637 529 1704 temporum
580 1632 735 1688 Stoicorum
784 1634 924 1689 rationem
975 1636 1114 1706 sequitur3

208 1718 320 1784 tempus
339 1714 489 1769 infectum:
508 1712 658 1784 discebam,
679 1712 764 1782 disco,
784 1713 891 1769 discam

208 1799 320 1865 tempus
339 1794 507 1865 perfectum:
527 1793 688 1862 didiceram,
708 1794 803 1862 didici,
823 1795 947 1851 didicero

103 1875 246 1930 discebam
261 1877 290 1930 et
304 1875 458 1930 didiceram
468 1902 501 1920 =
510 1873 694 1942 praeteritum
705 1876 753 1945 (IX
764 1878 835 1946 104),
849 1876 926 1931 disco
941 1879 970 1930 et
982 1877 1069 1931 didici
1078 1904 1112 1923 =

101 1971 233 2024 praesens
251 1955 301 2027 (IX
316 1958 386 2025 104),
406 1954 513 2008 discam
532 1957 561 2009 et
579 1954 703 2010 didicero
718 1982 751 2002 =
765 1955 891 2010 futurum
911 1957 986 2027 (VIII
1000 1962 1053 2025 58).

175 2037 330 2091 Varronem
343 2052 400 2090 non
414 2035 576 2090 distinxisse
588 2035 663 2090 inter
676 2038 733 2090 tres
748 2035 872 2090 actiones
887 2039 916 2091 et
929 2039 1057 2104 tempora
1066 2053 1113 2090 ne·

102 2131 158 2182 que
176 2115 281 2170 udisse
300 2115 458 2171 actionibus
477 2115 596 2186 singulis
616 2132 667 2168 sua
686 2115 786 2183 cuique
804 2117 932 2184 tempora
947 2115 1035 2168 tribui
1049 2132 1112 2169 con·

104 2197 269 2250 sentaneum
297 2199 347 2251 est.
386 2195 471 2266 Quid,
504 2195 579 2263 quod
602 2195 715 2249 Graecis
743 2210 800 2247 non
831 2193 952 2262 contigit
978 2194 1112 2249 Romanis

105 2273 287 2343 contigisset?
320 2277 421 2344 Neque
443 2275 551 2330 ‘modi'
573 2291 642 2342 quos
666 2291 717 2327 nos
739 2272 857 2329 dicimus
875 2273 920 2327 his
938 2273 1112 2342 temporibus

104 2353 212 2421 cogniti
230 2358 319 2425 erant3
341 2356 375 2413 cf.
394 2357 420 2410 X
439 2361 486 2411 31:
513 2354 562 2425 „Si
579 2355 687 2408 habent
704 2370 851 2423 personas,
875 2370 971 2408 eorum
989 2354 1111 2408 declina-

102 2437 184 2487 tuum
207 2435 312 2506 species
331 2439 397 2491 sunt
415 2453 476 2506 sex,
497 2452 554 2490 una
572 2450 645 2503 quae
664 2433 768 2488 dicitur
785 2435 962 2505 temporalis,
986 2438 1019 2489 ut
1036 2435 1111 2505 Iege-

104 2515 170 2568 bam
189 2517 349 2586 gemebam,
367 2516 432 2586 lego
450 2533 545 2587 gemo,
565 2516 655 2571 altera
676 2531 872 2585 personarum,
896 2519 928 2571 ut
947 2533 1007 2572 sero
1026 2519 1110 2588 meto,

103 2594 171 2649 seris
190 2595 282 2666 metis,
301 2597 387 2652 tertia
404 2597 533 2666 rogandi,
552 2600 584 2652 ut
603 2596 747 2651 scribone?
765 2596 882 2666 legcne?
898 2639 993 2653 .....
1009 2599 1111 2666 quarta

101 2677 302 2748 respondendi,
325 2679 358 2731 ut
378 2677 453 2746 fingo
471 2675 558 2746 pingo
579 2718 744 2733 .......
764 2678 864 2744 quinta
883 2677 1001 2747 optandi
1019 2681 1051 2733 ut
1070 2677 1111 2732 di·

101 2771 192 2809 cerem
227 2756 363 2828 facerem,
397 2756 490 2810 dicam
524 2756 643 2827 faciam,
677 2760 756 2811 sexta
787 2756 945 2827 imperandi
977 2761 1009 2813 ut
1041 2777 1110 2830 cape

100 2838 194 2906 rape,“
216 2878 221 2890 .
242 2880 248 2892 .
268 2880 274 2892 .
296 2880 302 2892 .
321 2838 365 2891 En
387 2835 465 2891 vides
488 2838 520 2890 ut
544 2854 628 2905 supra
649 2839 777 2907 tempora
800 2840 829 2891 et
852 2838 976 2893 actiones
1000 2843 1111 2895 contur-

100 2913 170 2968 bata
196 2931 270 2987 esse,
299 2915 341 2971 ita
368 2916 415 2970 hic
437 2919 581 2986 tempora,
609 2917 705 2972 modos
730 2919 758 2971 et
780 2917 919 2972 rationem
940 2920 1110 2975 rhetoricam

101 3008 162 3048 esse
180 2995 279 3054 mixta.
308 2999 407 3065 Itaque
426 3013 443 3049 a
460 2996 615 3065 Protagora
634 2999 663 3051 et
682 2997 782 3052 Stoicis
802 3000 831 3052 et
847 2997 1044 3066 Peripateticis
1062 3000 1110 3054 vix

101 3071 204 3128 differt.
239 3075 278 3130 Ut
306 3075 417 3130 ordines
446 3075 666 3131 declinationum
695 3077 899 3148 desideramus,
931 3077 973 3133 ita
1004 3081 1110 3134 frustra

99 3152 330 3223 coniugationum
357 3155 468 3210 ordines
497 3173 624 3224 quaeras.
662 3156 838 3225 Quamquam
861 3157 963 3225 quiin
986 3158 1109 3213 declina·

97 3232 188 3302 bone,
218 3238 250 3290 ut
282 3252 367 3305 supra
398 3237 664 3307 demonstravimus,
693 3253 710 3290 a
738 3237 876 3292 divisione
904 3238 1025 3306 quadam
1053 3253 1110 3291 non

98 3330 202 3382 magno
222 3315 314 3385 spatio
334 3316 480 3387 eboratis
498 3317 528 3371 in
542 3316 739 3387 coniugatione
758 3333 848 3387 paene
862 3334 922 3372 rem
941 3333 994 3370 acu
1011 3315 1109 3386 tetigit

96 3393 232 3467 (IX109):
247 3398 364 3467 „Utrum
373 3396 404 3451 in
414 3398 537 3452 secunda
543 3398 705 3472 (persona)
712 3398 803 3452 forma
811 3397 960 3452 verborum
969 3397 1108 3465 tempora·

95 3474 168 3529 lium
185 3475 291 3531 habeat
308 3476 339 3532 in
357 3480 481 3533 extrema
495 3477 606 3546 syllaba
620 3495 652 3534 cs
666 3494 703 3533 an
715 3495 742 3534 ea
756 3494 793 3531 an
806 3480 839 3547 ts,
859 3476 897 3530 ad
911 3474 1107 3533 discernendas
