2476 3914
121 788 364 860 Adnotatianes
392 787 435 858 ad
461 787 580 964 Plinilii
594 787 760 912 littorum
789 787 884 858 dubii
911 792 1086 863 sermonis

512 912 551 964 re
581 912 688 983 qunas.

434 1094 483 1149 De
506 1092 629 1149 litteris
652 1082 696 1170 (p.
718 1083 759 1168 1).

162 1212 295 1272 Plinium
310 1213 345 1272 de
359 1214 471 1274 litteris
484 1215 698 1292 perquisivisse
713 1215 811 1274 fontes
821 1214 1007 1292 antiquiores
1021 1203 1117 1282 docet

95 1322 149 1363 nos
180 1301 317 1362 Historia
348 1303 414 1380 ipsa
445 1303 612 1363 Naturalis.
657 1303 800 1382 Legimus
833 1303 913 1362 enim
944 1303 1005 1364 VH
1030 1311 1113 1369 192:

95 1392 229 1452 Litteras
262 1411 379 1469 semper
411 1393 543 1453 arbitror
564 1393 708 1469 Assyrias
730 1392 838 1468 fuisse,
867 1392 919 1453 sed
946 1395 1000 1454 alii
1027 1401 1113 1470 apud

96 1481 254 1557 Aeypptias
276 1501 296 1541 a
318 1484 476 1550 Mercurio,
500 1484 537 1541 ut
561 1480 685 1560 Gellius,
708 1482 762 1541 alii
784 1480 866 1557 apud
890 1481 983 1559 Syros
1005 1503 1112 1561 reper-

95 1574 142 1630 tas
166 1571 282 1631 volunt.
316 1571 422 1647 utique
445 1573 477 1631 ia
501 1570 657 1632 Graeciam
681 1573 811 1631 adulare
833 1570 1010 1632 aPieceaice
1029 1573 1109 1634 Uad-

95 1678 175 1718 mam
205 1661 327 1719 sedecim
358 1676 492 1727 ammeca,
525 1658 635 1737 quibus
664 1660 791 1719 Traiano
823 1660 894 1719 bello
920 1661 1109 1721 Palamedem

94 1749 232 1807 adiecisse
263 1751 398 1819 qaaiiaor
429 1747 485 1806 hac
517 1747 617 1825 figura
648 1748 770 1827 ζψφχ,
803 1749 915 1808 totidem
939 1752 1008 1821 past
1038 1765 1105 1806 eam

94 1835 271 1896 Simonidem
293 1836 425 1894 meldam
447 1835 559 1908 υξωθ,
578 1854 708 1913 quarum
726 1837 862 1896 omnium
878 1836 923 1897 vis
940 1835 973 1895 in
990 1836 1104 1895 nostris

95 1924 330 2004 recognoscitur.
366 1927 399 1983 iri
421 1924 544 1984 Latiam
567 1943 617 1985 eas
639 1927 796 1986 attalemmt
817 1927 941 2001 Pelasyi.

162 2016 208 2073 Ex
228 2014 331 2074 eodem
351 2033 411 2090 qno
425 2014 542 2073 Plinius
556 2015 640 2076 fonte
654 2016 757 2075 hausit
769 2016 918 2075 Maximus
931 2012 1110 2074 Victorinus

95 2095 144 2182 (K.
163 2104 209 2162 VI
229 2095 388 2185 194,11):
421 2102 481 2173 Qui
502 2104 594 2180 primi
615 2104 787 2165 litterarum
816 2105 987 2165 inventores
1013 2103 1110 2163 fuisse

95 2192 280 2252 traduntur?
316 2192 494 2272 Phoenices,
524 2194 662 2270 quamvis
689 2195 743 2253 adi
768 2193 922 2269 Assyrios
951 2191 1004 2252 alii
1025 2192 1111 2252 Mer-

95 2285 210 2342 cariam
229 2284 309 2355 apad
326 2280 483 2358 Aepppiics
507 2282 659 2343 adserunt.
699 2284 731 2341 ia
750 2281 907 2343 Graeciam
930 2284 1011 2342 certe
1031 2279 1109 2341 Cad-

92 2388 173 2430 mam
209 2371 378 2430 Phoenicem
413 2369 485 2429 XVI
521 2373 652 2431 aiiaiisse
687 2373 807 2431 constat
834 2417 840 2431 .
871 2417 877 2428 .
906 2414 913 2429 .
943 2419 948 2430 .
974 2417 980 2429 .
1008 2369 1108 2448 iisque

95 2459 221 2520 Troiana
252 2461 322 2519 bella
345 2458 530 2519 Palamedem
556 2461 703 2520 addidisse
725 2459 778 2536 IV,
796 2472 924 2537 ηψχφ,
950 2464 1108 2533 postcom

93 2547 271 2608 Simonidem
298 2549 431 2606 medicum
457 2549 571 2606 totidem
593 2547 697 2623 ζξωθ;
731 2547 788 2605 hae
816 2549 952 2618 auctore,
981 2550 1018 2605 nt
1041 2548 1107 2626 qni·

95 2634 166 2693 dam
188 2635 309 2711 volunt,
332 2634 491 2712 Euandro,
513 2638 550 2694 ut
572 2636 639 2714 alii,
661 2634 792 2694 Hercule
815 2637 847 2694 ia
868 2635 992 2692 Italiam
1015 2654 1035 2695 a
1053 2638 1107 2697 Pe·

97 2725 186 2798 laspis
205 2725 321 2784 adlatae
338 2729 412 2784 sami.
430 2753 468 2764 —
487 2723 624 2783 Tertium
636 2723 844 2784 testimonium
858 2724 905 2782 est
917 2721 992 2782 Mar.
1002 2722 1107 2785 Victo-

94 2813 179 2872 rinus
203 2803 254 2894 (K.
272 2811 317 2871 VI
336 2805 407 2892 23),
435 2813 516 2890 quod
541 2813 589 2873 hie
611 2811 810 2873 transcribere
834 2813 1025 2891 supersedeo,
1053 2813 1107 2873 ubi

97 2900 226 2979 Cincius,
249 2900 369 2980 Fabius,
394 2900 509 2962 Gellius
533 2904 671 2962 auctores
694 2900 868 2960 laudantur.
911 2899 963 2961 On.
988 2901 1106 2962 Gellius

98 2991 218 3066 saepius
242 2992 273 3050 et
296 2990 328 3048 in
350 2990 387 3052 N.
411 2990 449 3050 H.
473 2994 503 3050 ei
525 2991 556 3050 in
579 2991 626 3050 his
648 2991 827 3068 fragmentis
852 2989 938 3050 nobis
966 2991 1105 3068 occurrit,

97 3085 134 3140 ut
156 3081 193 3142 N.
213 3080 250 3139 H.
269 3078 329 3137 VH
349 3081 422 3157 194,
442 3082 515 3157 197,
537 3083 608 3157 198,
630 3079 771 3156 111108,
794 3079 825 3138 in
848 3079 934 3138 libris
957 3097 1105 3156 gramma·

93 3169 162 3228 ticis
182 3168 264 3246 apud
283 3166 334 3227 Oh.
355 3170 397 3227 54
417 3159 550 3251 (crebro)
570 3172 602 3229 et
621 3170 660 3229 55
682 3171 714 3228 et
734 3172 783 3227 71.
817 3167 970 3245 Quidquid
987 3164 1103 3226 Plinius

94 3277 110 3316 e
129 3258 273 3318 Varronis
297 3256 382 3316 libris
406 3259 561 3336 excerpsit,
581 3277 657 3336 quae
677 3257 713 3316 de
736 3257 911 3319 inventione
933 3257 1104 3316 litterarum

93 3347 189 3407 tradit
212 3366 285 3407 suae
310 3345 462 3407 doctrinae
482 3347 568 3421 copia
586 3346 671 3406 anxit
690 3337 741 3428 (cf.
757 3365 781 3405 e.
797 3366 825 3424 g.
839 3345 930 3405 Prisc.
955 3348 983 3422 8,
1000 3345 1027 3420 2,
1050 3344 1105 3420 qui

94 3433 230 3495 Varrone
250 3439 372 3496 auctore
390 3435 562 3495 inventores
577 3432 743 3496 Chaldaeos
756 3435 851 3496 fnisse
868 3426 1105 3517 commemorat).
