2476 3914
283 181 496 238 AdnotatIones.
533 182 574 236 De
593 181 724 236 adverbio
745 186 773 236 et
792 180 995 237 coniunctione.
1104 183 1147 246 93

139 353 171 392 re
194 352 225 392 se
245 333 447 411 obstrinxisse,
466 335 502 392 ut
520 332 552 391 in
571 332 737 410 adiectivis,
757 351 834 410 quae
852 333 884 391 in
903 352 1006 393 -aceus
1025 335 1148 392 exeunt:

138 425 192 481 aut
216 422 295 480 enim
313 421 541 480 similitudinem
560 421 732 499 significant
751 441 775 481 1.
790 442 817 499 g.
838 415 1043 498 ‘ampullaoca
1065 415 1150 498 pira'

70 539 72 544 ¹
138 501 207 592 (XV
220 502 284 591 16),
296 512 350 569 aut
362 511 529 588 materiam,
540 529 576 569 ex
586 529 646 588 qua
660 511 734 587 quid
748 511 862 569 factum
872 513 930 570 est:
940 501 1080 592 (XXXIV
1092 502 1149 592 50)

137 593 484 675 ς11111111111111111111,
504 591 545 679 (X
560 592 617 681 81)
638 594 826 675 ‘vespertilio
842 643 918 658 .....
934 600 984 658 cui
1002 600 1150 658 membra·

140 707 249 747 nareae
272 681 412 765 pinnae';
436 691 490 746 aut
512 689 613 747 Iocum
636 707 672 747 ex
696 707 764 767 quc,
787 688 841 747 ubi
865 689 938 765 quid
960 689 1150 766 factumest,

139 780 175 845 ut
198 771 375 836 ‘furnaceus
397 771 500 853 panis'
520 772 646 853 (XVIII,
667 770 732 859 20).
766 777 825 836 Sed
847 777 938 836 huius
961 777 1150 837 formationis

139 866 289 926 adiectira
318 884 534 942 nonnunquam
562 885 631 924 cum
664 867 732 925 aliis
765 866 888 926 confinis
921 865 1149 944 significationis

12 973 14 978 ·
136 955 312 1032 miscentur,
344 958 380 1014 ut
411 955 497 1013 radix
529 958 575 1014 est
608 949 784 1014 ‘bulbacea'
818 958 848 1014 11
876 947 1038 1015 ‘bulbcsa'
1064 954 1149 1014 nullo

138 1043 308 1103 discrimine
340 1036 609 1124 (1111111111),
646 1047 676 1104 11
713 1038 863 1104 ‘clecsus'
902 1047 933 1103 et
969 1037 1150 1122 ε111111111’,

140 1126 343 1192 ‘cinaracous'
372 1136 403 1193 et
431 1126 598 1192 ‘cinereus'
622 1123 845 1213 (Wannowski,
868 1133 1008 1193 Pliniana
1034 1154 1063 1209 p.
1086 1127 1150 1209 10).

15 1301 17 1305 .
138 1220 304 1298 Sperncbat
335 1222 431 1300 igitur
463 1221 643 1281 sententiam
676 1241 792 1300 eorum,
826 1223 879 1300 qui
910 1222 942 1280 in
972 1223 1036 1281 eius
1068 1221 1151 1282 modi

139 1310 294 1370 vocabulis
326 1311 552 1370 distinctionem
584 1310 749 1388 faciebant,
781 1314 817 1370 ut
848 1311 928 1371 inter
955 1311 1088 1370 Albanos
1119 1313 1151 1370 11

137 1399 284 1458 Albenses
308 1391 357 1478 (K.
376 1399 404 1460 V
426 1401 497 1477 144,
519 1393 619 1477 911.)
643 1399 849 1459 indifferenter
871 1401 945 1458 baec
967 1399 1096 1459 inveniri
1120 1401 1151 1458 et

138 1487 229 1547 iniis
253 1489 466 1548 auctoritatem
490 1488 672 1565 sequendam
696 1506 759 1547 esse
783 1488 982 1548 existimabat.

204 1578 296 1653 Apud
310 1580 425 1639 veteres
440 1578 600 1653 scriptores
620 1596 729 1636 aureae
750 1577 928 1654 praesertim
947 1577 1057 1636 aetatis
1071 1577 1151 1636 inter

139 1666 236 1725 multa
266 1666 446 1743 derivativa,
480 1685 556 1743 quae
590 1685 608 1724 a
638 1666 770 1742 propriis
802 1666 972 1726 nominibus
1004 1666 1151 1744 originem

139 1755 309 1830 trahebant,
333 1754 540 1814 distinctiones
563 1754 629 1813 fieri
651 1775 712 1814 non
734 1756 922 1833 ignoramus;
946 1755 999 1815 111
1022 1749 1151 1814 ‘fretum

140 1837 292 1902 SIculum'
317 1843 455 1903 dicebant
473 1843 578 1904 Livius
596 1844 612 1903 I
628 1847 645 1903 2
672 1847 702 1904 11
719 1845 837 1905 Plinius
855 1845 892 1905 N.
912 1845 948 1904 H.
969 1847 998 1923 3,
1017 1848 1059 1905 48
1084 1844 1150 1904 alii·

140 1951 207 2011 que,
230 1933 338 1991 melius
365 1935 468 1992 tamen
493 1931 610 2010 Oicero,
635 1932 671 1992 de
694 1955 722 1993 n.
742 1935 769 1993 d.
793 1934 840 1993 HI
860 1937 901 1994 10
925 1927 1053 1993 ‘fretum
1078 1933 1150 1993 Sici-

137 2014 256 2100 liense.',
284 2022 356 2098 quia
379 2014 575 2081 ‘Siciliensis'
604 2025 649 2080 est
673 2023 753 2099 quod
777 2023 879 2098 aliquo
903 2023 990 2082 modo
1017 2023 1152 2098 pertinet

138 2109 176 2167 11
198 2110 277 2169 banc
298 2110 437 2188 insulam,
461 2104 605 2170 ‘Siculus’
629 2113 746 2187 spectat
769 2111 808 2170 ad
829 2110 977 2189 originem
996 2113 1027 2170 et
1045 2130 1150 2189 genus.

138 2197 247 2276 Itaque
272 2197 374 2259 Cicero
404 2199 541 2276 loquitur
572 2200 608 2258 de
639 2201 804 2276 quaestura
834 2203 865 2259 et
895 2219 972 2259 anno
1002 2200 1152 2260 Siciliensi

140 2280 214 2367 (div.
230 2287 305 2346 XIII
320 2290 371 2366 38,
388 2288 474 2348 Brut.
492 2280 558 2370 92),
577 2307 646 2348 cum
658 2289 858 2364 Epicharmus
874 2288 993 2348 Siculus
1012 2290 1052 2349 sit
1070 2290 1151 2366 apud

139 2377 245 2436 Horat.
264 2396 309 2454 ep.
324 2377 355 2436 Π
372 2382 398 2454 1,
414 2378 455 2437 48
480 2380 511 2436 11
534 2377 629 2436 Siculi
651 2378 682 2436 in
706 2378 823 2438 facetiis
847 2379 994 2438 excellant
1013 2373 1088 2457 (cic.
1109 2397 1150 2438 or.

205 2553 291 2623 Quod
311 2555 337 2614 si
355 2558 472 2615 veteres
492 2555 651 2632 scriptores
670 2575 729 2616 non
749 2558 831 2615 certa
849 2556 967 2616 ratione
987 2555 1152 2615 eiusmodi

139 2643 293 2702 vocabulis
315 2647 455 2722 utuntur,
478 2644 523 2703 ita
545 2648 582 2703 ut
604 2645 705 2704 dicant
728 2645 842 2704 bellum
865 2645 1042 2725 Asiaticum,
1061 2645 1150 2704 Troi-

141 2749 218 2808 cum,
236 2732 425 2811 Africanum,
447 2733 479 2792 id
501 2734 569 2793 1111
593 2753 653 2794 non
671 2734 842 2793 mirandum
866 2734 1011 2812 estquod
1031 2740 1151 2812 tempus

141 2823 172 2879 et
195 2839 283 2880 aures
308 2824 339 2881 et
362 2840 450 2882 casus
470 2823 593 2900 quidam
615 2824 647 2882 in
669 2823 725 2881 hac
749 2842 781 2881 re
804 2824 982 2901 plerumque
1002 2823 1151 2901 significa·

139 2910 254 2969 tionem
273 2910 412 2989 designat
430 2902 481 2992 (cf.
501 2911 614 2972 Archiv
631 2911 647 2970 I
669 2931 697 2987 p.
716 2914 787 2989 192,
806 2911 936 2971 Scbnorr
958 2910 1151 2972 1111011111-

141 2998 212 3077 feld,
236 2999 290 3059 das
313 3000 415 3059 latein.
441 2999 537 3059 Suffix
559 2991 670 3080 anus).

295 3237 344 3290 De
367 3235 526 3291 adverbio
550 3236 585 3290 et
608 3234 845 3291 coniunctione
868 3221 911 3311 (p.
931 3222 996 3311 41).

206 3355 290 3425 Quae
315 3356 396 3432 apud
414 3374 468 3415 nos
488 3355 668 3434 gerundium
687 3358 718 3414 et
736 3355 878 3431 supinum
896 3357 1051 3431 vocantur,
1071 3355 1152 3433 apud

141 3445 257 3503 veteres
290 3445 503 3522 grammaticos
538 3447 624 3504 erant
659 3445 836 3520 plerumque
868 3442 1071 3520 participialia
1102 3445 1153 3506 vel

142 3532 249 3609 supina
282 3534 332 3594 vel
363 3534 518 3611 gerundia.
563 3533 701 3611 Namque
738 3551 846 3591 nomen
879 3527 1076 3610 ‘gerundiva'
1114 3533 1151 3592 ab
