2476 3914
137 164 179 227 70
378 159 419 214 De
439 159 531 213 dubiis
550 157 699 228 generibus
718 160 747 214 et
765 157 896 214 numeris.

135 308 224 391 <est>
257 311 337 372 enim
368 311 487 371 lardum
520 310 627 371 dicere.
671 310 747 368 nihil
779 308 859 369 enim
891 308 975 368 aliud
1007 309 1151 389 intellegi

136 406 246 478 potest.
283 421 354 460 nam
375 401 473 460 latera
495 420 554 459 non
578 403 649 459 sunt
670 399 729 458 nisi
751 400 852 475 capita
874 399 961 457 lardi.

202 489 253 550 011.
276 493 347 569 104,
367 492 385 551 5
409 489 566 568 Lingula
589 507 658 548 enm
674 507 696 547 oe
719 488 917 566 elinguendo
942 488 1022 546 dieta
1046 489 1146 547 est-in

137 584 275 658 argentm
294 581 326 638 in
340 580 448 639 oaloeis
462 597 532 640 vero
552 578 649 656 ligula
664 597 681 636 a
694 577 826 655 ligando.
859 578 911 636 sed
925 595 998 636 usus
1017 577 1149 655 ligulam

108 670 199 729 asine
222 688 243 728 o
265 670 445 747 frequentat.

202 757 391 836 Ο11.76,14
418 755 487 814 Hie
510 757 610 814 loeus
639 759 670 815 et
697 756 729 814 hi
756 755 816 815 looi
844 754 1009 814 masculino
1034 774 1146 832 genere

133 848 250 907 ratione
269 848 419 906 dicuntur.
455 845 507 904 sed
526 848 556 903 et
574 845 648 903 haee
666 845 733 904 loea
751 844 935 904 consuetudo
955 845 1042 921 quasi
1060 845 1145 904 loca·

136 937 196 996 lius
219 936 387 1013 usurpavit,
410 936 595 994 nontamen
619 936 649 992 et
673 933 868 1011 singulariter
886 936 1030 992 neutrum
1048 952 1149 1011 genus

137 1026 268 1102 admisit,
293 1025 431 1102 quamvis
455 1024 578 1100 quidam
600 1023 687 1083 velut
708 1025 816 1082 neutro
836 1041 945 1100 genere
965 1021 1150 1082 Sallustium

96 1131 123 1170 ro
139 1114 247 1173 dixisse
272 1119 312 1174 eet
329 1117 362 1173 io
380 1131 493 1173 earcere
511 1114 589 1171 locos
607 1114 682 1184 qood
701 1112 870 1171 Tullianam
889 1113 1060 1186 appellatur.
1096 1112 1149 1171 sed

137 1204 265 1278 frustra3
294 1197 399 1279 ‘quod'
427 1201 507 1261 enim
537 1220 555 1259 a
579 1199 724 1260 Sallustio
753 1200 889 1260 absolute
913 1201 1054 1260 Tulliano
1080 1220 1150 1260 oon-

135 1292 272 1351 iunotum
296 1295 342 1352 est
366 1283 457 1373 (Non.
478 1284 564 1368 210).

202 1379 253 1440 Oh.
275 1383 347 1460 100,
363 1372 437 1463 4(?)
455 1378 665 1457 Longitudo
684 1396 841 1437 mensurae
860 1381 914 1457 est,
938 1379 1149 1457 longinquitas

134 1471 266 1547 regionis
289 1471 338 1530 vel
361 1461 512 1546 tdmporis

96 1576 122 1617 15
203 1559 255 1618 Ch.
277 1563 349 1636 100,
369 1562 386 1620 5
412 1559 506 1619 Lora
529 1559 667 1632 correpta
688 1557 786 1633 prima
808 1556 926 1634 syllaba
949 1560 980 1617 et
1002 1558 1148 1619 feminino

136 1667 244 1723 genere
259 1648 384 1707 dioenda
399 1652 453 1725 est,
466 1643 557 1725 <oum
570 1647 673 1707 vinum
689 1665 769 1722 aqua
780 1650 957 1722 corruptum
966 1643 1148 1726 significat),

135 1736 282 1810 producta
301 1739 404 1796 autem
422 1737 602 1795 neutraliter
620 1754 636 1793 e
656 1735 735 1794 corio
755 1734 886 1813 vincula,
905 1737 990 1795 utet
1009 1735 1147 1797 Lucilius

134 1825 166 1882 in
190 1825 232 1882 IX
254 1829 321 1899 ipso
343 1828 370 1884 si
391 1843 421 1885 ee
443 1828 519 1885 corio
543 1826 640 1883 omnio
663 1825 733 1883 lora.

199 1912 252 1972 ch.
272 1916 322 1991 94,
344 1915 383 1971 12
404 1906 441 1994 (e.
456 1933 483 1974 v.
502 1915 705 1989 praetextum)
727 1960 733 1972 .
754 1959 759 1970 .
779 1960 785 1972 .
806 1917 929 1973 sumunt
948 1915 1027 1973 enim
1045 1934 1140 1990 genus

92 2022 118 2062 ao
132 2001 169 2060 ab
187 2003 235 2063 his
254 2003 363 2080 quibus
381 2002 541 2063 coniuncta
559 2006 641 2078 sunt,
660 2005 696 2060 ut
714 2005 790 2078 puta
808 2001 1000 2081 Lucanicum,
1019 2005 1138 2063 intelle·

133 2092 216 2168 gitur
234 2094 424 2169 pulmentum
443 2092 492 2153 vel
508 2092 695 2163 intestinum,
710 2094 740 2150 et
758 2090 807 2151 hio
821 2090 998 2171 Luoanious,
1013 2093 1139 2152 auditur

130 2179 255 2241 botulus
277 2184 327 2244 vel
349 2185 520 2260 apparatae,
545 2181 666 2240 ethaeo
685 2181 836 2239 Lueaniea
860 2181 1001 2241 feminino
1022 2201 1141 2260 genere,

130 2271 320 2350 intellegitur
338 2272 412 2346 hira,
435 2271 491 2330 hoo
510 2274 556 2330 est
574 2271 760 2347 intestinum,
784 2273 838 2329 aut
857 2270 941 2329 aliud
960 2271 1040 2347 quod
1059 2291 1140 2330 unus

133 2361 261 2438 quisque
289 2361 464 2438 intellegere
492 2361 630 2420 voluerit.
673 2363 827 2436 sumptum
855 2363 901 2418 est
929 2360 1009 2418 enim
1036 2380 1146 2420 nomen

94 2468 120 2509 25
135 2450 172 2508 ab
196 2450 404 2511 inventoribus
427 2449 594 2510 Lucanieis

618 2613 662 2667 M.

202 2713 253 2773 011.
267 2716 338 2790 108,
350 2717 370 2772 4
384 2715 589 2792 Margarita
602 2714 739 2772 feminini
753 2714 870 2791 generis
881 2717 935 2791 est,
947 2715 1020 2793 quia
1030 2714 1148 2776 Graeca

136 2802 256 2860 nomina
283 2824 320 2879 ης
349 2804 511 2862 terminata
539 2803 570 2862 in
598 2822 616 2862 o
644 2805 803 2862 transeunt
831 2806 861 2862 et
888 2802 967 2864 liunt
993 2805 1148 2881 feminina,

135 2894 172 2949 ut
195 2886 211 2949 ὃ
233 2889 341 2971 χάρτης
363 2893 435 2952 haee
459 2893 571 2966 charta,
596 2891 775 2972 μαργαρίτης
793 2892 968 2969 margarita,
991 2896 1046 2952 aut
1069 2911 1148 2953 oom-

96 3001 123 3042 ao
137 2980 255 3051 munia,
277 2983 314 3039 ut
337 2977 469 3058 ὠθλητής
493 2982 617 3041 athleta.
655 3000 726 3060 ergo
749 2981 929 3040 neutraliter
951 2982 1007 3040 hoo
1030 3001 1149 3060 marga·

135 3069 230 3128 ritum
257 3068 355 3128 dioere
383 3070 527 3131 vitiosum
555 3074 613 3148 eet3
644 3073 799 3130 ettamen
821 3069 912 3129 multi
935 3069 1088 3147 dixerunt,
1112 3076 1149 3132 ut

208 3246 224 3293 6
243 3239 297 3294 hio
315 3239 422 3311 loeus]
448 3244 463 3292 'l
487 3243 567 3310 quasi
591 3241 705 3295 locutios
727 3241 873 3308 usurpavit
895 3238 934 3308 N,
962 3241 1042 3309 quasi
1065 3241 1148 3305 torah

136 3329 190 3367 asu
208 3312 355 3383 dampnate
373 3311 416 3366 ed.
434 3328 485 3381 pr,
505 3311 580 3379 quod
599 3310 723 3380 proxime
742 3311 779 3363 ad
798 3309 967 3364 sententiam
986 3310 1149 3365 accedit.—

138 3389 171 3437 15
190 3382 277 3464 lora]
297 3398 369 3451 quae
387 3381 466 3437 uncis
485 3381 595 3436 inclusa
614 3384 679 3436 eunt
698 3382 761 3435 add.
775 3381 807 3437 K.
825 3397 859 3435 ex
877 3381 938 3436 cod.
953 3380 1073 3435 Parisini
1088 3398 1148 3438 exo.

138 3459 219 3522 75303
238 3454 280 3507 ibr
298 3456 394 3508 tamen
412 3460 564 3522 correptum
583 3455 632 3508 eet.
646 3484 680 3493 -
694 3456 728 3504 27
747 3452 948 3523 margarita]
967 3454 1149 3521 epistularum

137 3525 171 3594 N,
191 3542 259 3581 corr.
279 3524 388 3580 Keiliue
407 3523 478 3580 conf.
499 3522 547 3579 ch.
564 3529 624 3593 104,
639 3530 680 3578 21.
