<?xml version="1.0" encoding="UTF-8"?>
<!DOCTYPE html PUBLIC "-//W3C//DTD XHTML 1.0 Transitional//EN"
    "http://www.w3.org/TR/xhtml1/DTD/xhtml1-transitional.dtd">
<html xmlns="http://www.w3.org/1999/xhtml" xml:lang="en" lang="en">
 <head>
  <title>
</title>
<meta http-equiv="Content-Type" content="text/html;charset=utf-8" />
  <meta name='ocr-system' content='tesseract 3.04.00' />
  <meta name='ocr-capabilities' content='ocr_page ocr_carea ocr_par ocr_line ocrx_word'/>
</head>
<body>
  <div class='ocr_page' id='page_1' title='image "./cpliniisecundil00beckgoog_0034.png"; bbox 0 0 2476 3914; ppageno 0'>
   <div class='ocr_carea' id='block_1_1' title="bbox 355 621 799 722">
    <p class='ocr_par' dir='ltr' id='par_1_1' title="bbox 355 621 799 722">
     <span class='ocr_line' id='line_1_1' title="bbox 355 621 799 722; baseline 0.007 -3"><span class='ocrx_word' id='word_1_1' title='bbox 355 622 397 720; x_wconf 84' lang='lat'>0.</span> <span class='ocrx_word' id='word_1_2' title='bbox 431 622 573 721; x_wconf 84' lang='lat' dir='ltr'>Ph&#39;nii</span> <span class='ocrx_word' id='word_1_3' title='bbox 604 621 799 722; x_wconf 80' lang='lat' dir='ltr'>Seoundi</span> 
     </span>
    </p>
   </div>
   <div class='ocr_carea' id='block_1_2' title="bbox 115 781 1031 1024">
    <p class='ocr_par' dir='ltr' id='par_1_2' title="bbox 115 781 1031 1024">
     <span class='ocr_line' id='line_1_2' title="bbox 115 781 1031 888; baseline 0.002 -22"><span class='ocrx_word' id='word_1_4' title='bbox 115 782 316 866; x_wconf 89' lang='lat' dir='ltr'>librorum</span> <span class='ocrx_word' id='word_1_5' title='bbox 344 781 460 865; x_wconf 90' lang='lat' dir='ltr'>dubii</span> <span class='ocrx_word' id='word_1_6' title='bbox 488 783 681 865; x_wconf 85' lang='lat' dir='ltr'>sermonis</span> <span class='ocrx_word' id='word_1_7' title='bbox 708 782 798 866; x_wconf 85' lang='lat' dir='ltr'>VIII</span> <span class='ocrx_word' id='word_1_8' title='bbox 823 783 1031 888; x_wconf 85' lang='lat' dir='ltr'>reIIquiae.</span> 
     </span>
     <span class='ocr_line' id='line_1_3' title="bbox 428 949 716 1024; baseline 0.007 -2"><span class='ocrx_word' id='word_1_9' title='bbox 428 951 453 1022; x_wconf 94' lang='grc' dir='ltr'>Ι.</span> <span class='ocrx_word' id='word_1_10' title='bbox 485 953 532 1022; x_wconf 82' lang='lat' dir='ltr'>lle</span> <span class='ocrx_word' id='word_1_11' title='bbox 555 949 716 1024; x_wconf 82' lang='lat' dir='ltr'>litteris*</span> 
     </span>
    </p>
   </div>
   <div class='ocr_carea' id='block_1_3' title="bbox 126 1066 1023 1120">
    <p class='ocr_par' dir='ltr' id='par_1_3' title="bbox 126 1066 1023 1120">
     <span class='ocr_line' id='line_1_4' title="bbox 126 1066 1023 1120; baseline 0.006 -13"><span class='ocrx_word' id='word_1_12' title='bbox 126 1069 169 1117; x_wconf 87' lang='lat' dir='ltr'>(De</span> <span class='ocrx_word' id='word_1_13' title='bbox 183 1067 317 1107; x_wconf 87' lang='lat' dir='ltr'>inventione</span> <span class='ocrx_word' id='word_1_14' title='bbox 332 1066 463 1107; x_wconf 80' lang='lat' dir='ltr'>litterarum</span> <span class='ocrx_word' id='word_1_15' title='bbox 477 1069 606 1118; x_wconf 79' lang='lat' dir='ltr'>fragmenta</span> <span class='ocrx_word' id='word_1_16' title='bbox 619 1070 726 1110; x_wconf 76' lang='lat' dir='ltr'><strong>Pliniana</strong></span> <span class='ocrx_word' id='word_1_17' title='bbox 740 1071 769 1110; x_wconf 78' lang='lat' dir='ltr'>el.</span> <span class='ocrx_word' id='word_1_18' title='bbox 783 1069 952 1112; x_wconf 83' lang='lat' dir='ltr'>Adnotationes</span> <span class='ocrx_word' id='word_1_19' title='bbox 960 1088 986 1106; x_wconf 92' lang='lat'>=</span> <span class='ocrx_word' id='word_1_20' title='bbox 995 1075 1023 1120; x_wconf 63' lang='lat' dir='ltr'>¹l)</span> 
     </span>
    </p>
   </div>
   <div class='ocr_carea' id='block_1_4' title="bbox 65 1179 1121 1527">
    <p class='ocr_par' dir='ltr' id='par_1_4' title="bbox 65 1179 1121 1527">
     <span class='ocr_line' id='line_1_5' title="bbox 134 1179 1121 1260; baseline 0.005 -20"><span class='ocrx_word' id='word_1_21' title='bbox 134 1181 226 1240; x_wconf 88' lang='lat' dir='ltr'>Pn&#39;se.</span> <span class='ocrx_word' id='word_1_22' title='bbox 243 1183 294 1254; x_wconf 82' lang='lat'>29,</span> <span class='ocrx_word' id='word_1_23' title='bbox 307 1183 326 1240; x_wconf 90' lang='lat'>8</span> <span class='ocrx_word' id='word_1_24' title='bbox 346 1179 382 1238; x_wconf 94' lang='lat' dir='ltr'>In</span> <span class='ocrx_word' id='word_1_25' title='bbox 396 1183 629 1241; x_wconf 80' lang='lat' dir='ltr'>consonantibus</span> <span class='ocrx_word' id='word_1_26' title='bbox 644 1202 764 1260; x_wconf 92' lang='lat' dir='ltr'>quoque</span> <span class='ocrx_word' id='word_1_27' title='bbox 778 1185 892 1243; x_wconf 89' lang='lat' dir='ltr'>multae</span> <span class='ocrx_word' id='word_1_28' title='bbox 906 1185 984 1245; x_wconf 92' lang='lat' dir='ltr'>fiunt</span> <span class='ocrx_word' id='word_1_29' title='bbox 998 1186 1079 1244; x_wconf 92' lang='lat' dir='ltr'>simi·</span> <span class='ocrx_word' id='word_1_30' title='bbox 1108 1197 1121 1236; x_wconf 81' lang='lat'>5</span> 
     </span>
     <span class='ocr_line' id='line_1_6' title="bbox 67 1268 1080 1350; baseline 0.004 -21"><span class='ocrx_word' id='word_1_31' title='bbox 67 1270 141 1329; x_wconf 87' lang='lat' dir='ltr'>liter</span> <span class='ocrx_word' id='word_1_32' title='bbox 159 1268 419 1329; x_wconf 81' lang='lat' dir='ltr'>commutationes.</span> <span class='ocrx_word' id='word_1_33' title='bbox 443 1271 472 1328; x_wconf 87' lang='lat' dir='ltr'><em>L</em></span> <span class='ocrx_word' id='word_1_34' title='bbox 485 1271 644 1349; x_wconf 78' lang='lat' dir='ltr'>triplicem,</span> <span class='ocrx_word' id='word_1_35' title='bbox 663 1273 699 1330; x_wconf 94' lang='lat' dir='ltr'>ut</span> <span class='ocrx_word' id='word_1_36' title='bbox 713 1271 812 1331; x_wconf 89' lang='lat' dir='ltr'>Plinio</span> <span class='ocrx_word' id='word_1_37' title='bbox 825 1273 955 1350; x_wconf 83' lang='lat' dir='ltr'>videtur,</span> <span class='ocrx_word' id='word_1_38' title='bbox 973 1293 1080 1333; x_wconf 92' lang='lat' dir='ltr'>sonum</span> 
     </span>
     <span class='ocr_line' id='line_1_7' title="bbox 66 1357 1080 1439; baseline 0.003 -21"><span class='ocrx_word' id='word_1_39' title='bbox 66 1357 172 1418; x_wconf 88' lang='lat' dir='ltr'>babet:</span> <span class='ocrx_word' id='word_1_40' title='bbox 197 1359 313 1432; x_wconf 86' lang='lat' dir='ltr'>exilem,</span> <span class='ocrx_word' id='word_1_41' title='bbox 338 1359 457 1435; x_wconf 91' lang='lat' dir='ltr'>quando</span> <span class='ocrx_word' id='word_1_42' title='bbox 481 1360 653 1437; x_wconf 80' lang='lat' dir='ltr'><strong>geminatur</strong></span> <span class='ocrx_word' id='word_1_43' title='bbox 672 1360 802 1419; x_wconf 88' lang='lat' dir='ltr'>seeundo</span> <span class='ocrx_word' id='word_1_44' title='bbox 825 1361 891 1419; x_wconf 90' lang='lat' dir='ltr'>loeo</span> <span class='ocrx_word' id='word_1_45' title='bbox 914 1362 1022 1439; x_wconf 88' lang='lat' dir='ltr'>posita,</span> <span class='ocrx_word' id='word_1_46' title='bbox 1044 1365 1080 1421; x_wconf 90' lang='lat' dir='ltr'>ut</span> 
     </span>
     <span class='ocr_line' id='line_1_8' title="bbox 65 1447 1079 1527; baseline 0.002 -20"><span class='ocrx_word' id='word_1_47' title='bbox 65 1448 132 1523; x_wconf 90' lang='lat' dir='ltr'>ille,</span> <span class='ocrx_word' id='word_1_48' title='bbox 156 1447 312 1526; x_wconf 86' lang='lat' dir='ltr'>Metellus;</span> <span class='ocrx_word' id='word_1_49' title='bbox 339 1448 476 1525; x_wconf 91' lang='lat' dir='ltr'>plenum,</span> <span class='ocrx_word' id='word_1_50' title='bbox 500 1449 619 1525; x_wconf 88' lang='lat' dir='ltr'>quando</span> <span class='ocrx_word' id='word_1_51' title='bbox 641 1447 710 1507; x_wconf 91' lang='lat' dir='ltr'>finit</span> <span class='ocrx_word' id='word_1_52' title='bbox 731 1449 853 1507; x_wconf 90' lang='lat' dir='ltr'>nomina</span> <span class='ocrx_word' id='word_1_53' title='bbox 874 1450 924 1509; x_wconf 86' lang='lat' dir='ltr'>vel</span> <span class='ocrx_word' id='word_1_54' title='bbox 947 1450 1079 1527; x_wconf 81' lang='lat' dir='ltr'>syllabas</span> 
     </span>
    </p>
   </div>
   <div class='ocr_carea' id='block_1_5' title="bbox 63 1536 1119 2859">
    <p class='ocr_par' dir='ltr' id='par_1_5' title="bbox 65 1536 1119 1882">
     <span class='ocr_line' id='line_1_9' title="bbox 67 1536 1079 1615; baseline 0.003 -19"><span class='ocrx_word' id='word_1_55' title='bbox 67 1539 101 1596; x_wconf 94' lang='lat' dir='ltr'>et</span> <span class='ocrx_word' id='word_1_56' title='bbox 123 1536 246 1614; x_wconf 91' lang='lat' dir='ltr'>quando</span> <span class='ocrx_word' id='word_1_57' title='bbox 268 1536 403 1614; x_wconf 81' lang='lat' dir='ltr'>aliquam</span> <span class='ocrx_word' id='word_1_58' title='bbox 425 1537 517 1596; x_wconf 90' lang='lat' dir='ltr'>habet</span> <span class='ocrx_word' id='word_1_59' title='bbox 539 1541 609 1597; x_wconf 91' lang='lat' dir='ltr'>ante</span> <span class='ocrx_word' id='word_1_60' title='bbox 633 1556 664 1597; x_wconf 89' lang='lat' dir='ltr'>se</span> <span class='ocrx_word' id='word_1_61' title='bbox 687 1538 719 1595; x_wconf 94' lang='lat' dir='ltr'>in</span> <span class='ocrx_word' id='word_1_62' title='bbox 743 1538 848 1597; x_wconf 90' lang='lat' dir='ltr'>eadem</span> <span class='ocrx_word' id='word_1_63' title='bbox 870 1539 988 1615; x_wconf 84' lang='lat' dir='ltr'>syllaba</span> <span class='ocrx_word' id='word_1_64' title='bbox 1010 1558 1079 1599; x_wconf 90' lang='lat' dir='ltr'>oon-</span> 
     </span>
     <span class='ocr_line' id='line_1_10' title="bbox 66 1626 1119 1708; baseline 0.003 -22"><span class='ocrx_word' id='word_1_65' title='bbox 66 1629 241 1700; x_wconf 77' lang='lat' dir='ltr'><strong>sonantem,</strong></span> <span class='ocrx_word' id='word_1_66' title='bbox 268 1628 304 1684; x_wconf 93' lang='lat' dir='ltr'>ut</span> <span class='ocrx_word' id='word_1_67' title='bbox 327 1627 385 1704; x_wconf 90' lang='lat' dir='ltr'>sol,</span> <span class='ocrx_word' id='word_1_68' title='bbox 410 1626 499 1698; x_wconf 84' lang='lat' dir='ltr'>silva,</span> <span class='ocrx_word' id='word_1_69' title='bbox 522 1627 633 1700; x_wconf 83' lang='lat' dir='ltr'>flavus,</span> <span class='ocrx_word' id='word_1_70' title='bbox 656 1627 768 1702; x_wconf 89' lang='lat' dir='ltr'>elarus;</span> <span class='ocrx_word' id='word_1_71' title='bbox 790 1627 924 1686; x_wconf 88' lang='lat' dir='ltr'>medium</span> <span class='ocrx_word' id='word_1_72' title='bbox 946 1628 978 1686; x_wconf 92' lang='lat' dir='ltr'>in</span> <span class='ocrx_word' id='word_1_73' title='bbox 1001 1630 1119 1708; x_wconf 88' lang='lat' dir='ltr'>aliis,1⁰</span> 
     </span>
     <span class='ocr_line' id='line_1_11' title="bbox 67 1716 1079 1798; baseline 0.003 -24"><span class='ocrx_word' id='word_1_74' title='bbox 67 1717 105 1774; x_wconf 93' lang='lat' dir='ltr'>ut</span> <span class='ocrx_word' id='word_1_75' title='bbox 126 1716 256 1792; x_wconf 87' lang='lat' dir='ltr'>lectum,</span> <span class='ocrx_word' id='word_1_76' title='bbox 284 1716 389 1774; x_wconf 85' lang='lat' dir='ltr'>leatus</span> <span class='ocrx_word' id='word_1_77' title='bbox 435 1716 546 1775; x_wconf 77' lang='lat' dir='ltr'>transit</span> <span class='ocrx_word' id='word_1_78' title='bbox 567 1717 599 1774; x_wconf 91' lang='lat' dir='ltr'>in</span> <span class='ocrx_word' id='word_1_79' title='bbox 621 1735 653 1794; x_wconf 79' lang='grc'>1,</span> <span class='ocrx_word' id='word_1_80' title='bbox 680 1719 717 1775; x_wconf 94' lang='lat' dir='ltr'>ut</span> <span class='ocrx_word' id='word_1_81' title='bbox 738 1717 876 1796; x_wconf 88' lang='lat' dir='ltr'>paulum,</span> <span class='ocrx_word' id='word_1_82' title='bbox 900 1718 1079 1798; x_wconf 84' lang='lat' dir='ltr'>pauxillum,</span> 
     </span>
     <span class='ocr_line' id='line_1_12' title="bbox 65 1802 1033 1882; baseline 0.004 -19"><span class='ocrx_word' id='word_1_83' title='bbox 65 1802 151 1863; x_wconf 77' lang='lat' dir='ltr'>mala&#39;</span> <span class='ocrx_word' id='word_1_84' title='bbox 171 1803 306 1882; x_wconf 85' lang='lat' dir='ltr'>maxilla,</span> <span class='ocrx_word' id='word_1_85' title='bbox 328 1805 430 1864; x_wconf 85' lang='lat' dir='ltr'>velum</span> <span class='ocrx_word' id='word_1_86' title='bbox 453 1805 612 1882; x_wconf 70' lang='lat' dir='ltr'>vexillum,</span> <span class='ocrx_word' id='word_1_87' title='bbox 635 1806 667 1864; x_wconf 93' lang='lat' dir='ltr'>in</span> <span class='ocrx_word' id='word_1_88' title='bbox 685 1809 756 1865; x_wconf 87' lang='lat' dir='ltr'>rut</span> <span class='ocrx_word' id='word_1_89' title='bbox 778 1806 884 1865; x_wconf 89' lang='lat' dir='ltr'>tabula</span> <span class='ocrx_word' id='word_1_90' title='bbox 900 1807 1033 1868; x_wconf 85' lang='lat' dir='ltr'>taberna.</span> 
     </span>
    </p>

    <p class='ocr_par' dir='ltr' id='par_1_6' title="bbox 63 1893 1115 2415">
     <span class='ocr_line' id='line_1_13' title="bbox 132 1893 1079 1971; baseline 0.004 -20"><span class='ocrx_word' id='word_1_91' title='bbox 132 1893 224 1952; x_wconf 87' lang='lat' dir='ltr'>Pn&#39;so.</span> <span class='ocrx_word' id='word_1_92' title='bbox 250 1895 290 1952; x_wconf 81' lang='lat'>29</span> <span class='ocrx_word' id='word_1_93' title='bbox 296 1938 305 1971; x_wconf 95' lang='lat'>,</span> <span class='ocrx_word' id='word_1_94' title='bbox 322 1895 362 1954; x_wconf 83' lang='lat'>15</span> <span class='ocrx_word' id='word_1_95' title='bbox 385 1894 425 1951; x_wconf 86' lang='lat' dir='ltr'><em>M</em></span> <span class='ocrx_word' id='word_1_96' title='bbox 451 1895 611 1953; x_wconf 81' lang='lat' dir='ltr'>obscurum</span> <span class='ocrx_word' id='word_1_97' title='bbox 638 1895 670 1953; x_wconf 93' lang='lat' dir='ltr'>in</span> <span class='ocrx_word' id='word_1_98' title='bbox 698 1896 888 1955; x_wconf 83' lang='lat' dir='ltr'>extremitate</span> <span class='ocrx_word' id='word_1_99' title='bbox 911 1896 1079 1956; x_wconf 81' lang='lat' dir='ltr'>dictionum</span> 
     </span>
     <span class='ocr_line' id='line_1_14' title="bbox 65 1982 1078 2061; baseline 0.002 -20"><span class='ocrx_word' id='word_1_100' title='bbox 65 1985 164 2055; x_wconf 88' lang='lat' dir='ltr'>sonat,</span> <span class='ocrx_word' id='word_1_101' title='bbox 186 1984 223 2041; x_wconf 93' lang='lat' dir='ltr'>ut</span> <span class='ocrx_word' id='word_1_102' title='bbox 240 1982 397 2059; x_wconf 88' lang='lat' dir='ltr'>templum,</span> <span class='ocrx_word' id='word_1_103' title='bbox 421 1986 559 2058; x_wconf 90' lang='lat' dir='ltr'>apertum</span> <span class='ocrx_word' id='word_1_104' title='bbox 577 1985 609 2041; x_wconf 92' lang='lat' dir='ltr'>in</span> <span class='ocrx_word' id='word_1_105' title='bbox 627 1984 784 2061; x_wconf 82' lang='lat' dir='ltr'>principio,</span> <span class='ocrx_word' id='word_1_106' title='bbox 807 1986 998 2061; x_wconf 86' lang='lat' dir='ltr'>utmagnus,</span> <span class='ocrx_word' id='word_1_107' title='bbox 1016 2003 1078 2043; x_wconf 94' lang='lat' dir='ltr'>me·</span> 
     </span>
     <span class='ocr_line' id='line_1_15' title="bbox 63 2069 1115 2148; baseline 0.002 -18"><span class='ocrx_word' id='word_1_108' title='bbox 63 2071 167 2130; x_wconf 87' lang='lat' dir='ltr'>dioore</span> <span class='ocrx_word' id='word_1_109' title='bbox 189 2069 220 2128; x_wconf 93' lang='lat' dir='ltr'>in</span> <span class='ocrx_word' id='word_1_110' title='bbox 242 2070 361 2147; x_wconf 91' lang='lat' dir='ltr'>mediis,</span> <span class='ocrx_word' id='word_1_111' title='bbox 387 2074 425 2130; x_wconf 93' lang='lat' dir='ltr'>ut</span> <span class='ocrx_word' id='word_1_112' title='bbox 445 2072 560 2130; x_wconf 90' lang='lat' dir='ltr'>umbra.</span> <span class='ocrx_word' id='word_1_113' title='bbox 604 2073 715 2131; x_wconf 88' lang='lat' dir='ltr'>transit</span> <span class='ocrx_word' id='word_1_114' title='bbox 737 2072 769 2129; x_wconf 90' lang='lat' dir='ltr'>in</span> <span class='ocrx_word' id='word_1_115' title='bbox 791 2090 824 2148; x_wconf 81' lang='grc'>6,</span> <span class='ocrx_word' id='word_1_116' title='bbox 851 2074 882 2130; x_wconf 91' lang='grc'>61</span> <span class='ocrx_word' id='word_1_117' title='bbox 904 2072 1032 2131; x_wconf 84' lang='lat' dir='ltr'>maxime</span> <span class='ocrx_word' id='word_1_118' title='bbox 1056 2075 1115 2132; x_wconf 74' lang='lat' dir='ltr'>dis</span> 
     </span>
     <span class='ocr_line' id='line_1_16' title="bbox 64 2159 1078 2238; baseline 0 -18"><span class='ocrx_word' id='word_1_119' title='bbox 64 2159 119 2220; x_wconf 86' lang='lat' dir='ltr'>vel</span> <span class='ocrx_word' id='word_1_120' title='bbox 138 2159 218 2218; x_wconf 91' lang='grc'><strong>6161</strong></span> <span class='ocrx_word' id='word_1_121' title='bbox 235 2160 314 2220; x_wconf 82' lang='grc'><strong>1161</strong></span> <span class='ocrx_word' id='word_1_122' title='bbox 332 2178 350 2232; x_wconf 85' lang='lat' dir='ltr'>q</span> <span class='ocrx_word' id='word_1_123' title='bbox 367 2160 572 2237; x_wconf 84' lang='lat' dir='ltr'>sequentibus,</span> <span class='ocrx_word' id='word_1_124' title='bbox 595 2163 632 2219; x_wconf 92' lang='lat' dir='ltr'>ut</span> <span class='ocrx_word' id='word_1_125' title='bbox 649 2163 770 2219; x_wconf 87' lang='lat' dir='ltr'>tantum</span> <span class='ocrx_word' id='word_1_126' title='bbox 787 2159 975 2238; x_wconf 86' lang='lat' dir='ltr'>tantundem,</span> <span class='ocrx_word' id='word_1_127' title='bbox 998 2161 1078 2220; x_wconf 93' lang='lat' dir='ltr'>idem</span> 
     </span>
     <span class='ocr_line' id='line_1_17' title="bbox 64 2246 1076 2326; baseline 0.003 -20"><span class='ocrx_word' id='word_1_128' title='bbox 64 2246 243 2326; x_wconf 80' lang='lat' dir='ltr'>identidem,</span> <span class='ocrx_word' id='word_1_129' title='bbox 272 2267 376 2307; x_wconf 90' lang='lat' dir='ltr'>eorum</span> <span class='ocrx_word' id='word_1_130' title='bbox 399 2249 572 2324; x_wconf 89' lang='lat' dir='ltr'>eorundem,</span> <span class='ocrx_word' id='word_1_131' title='bbox 599 2268 673 2306; x_wconf 91' lang='lat' dir='ltr'>num</span> <span class='ocrx_word' id='word_1_132' title='bbox 696 2247 826 2306; x_wconf 89' lang='lat' dir='ltr'>nnneubi</span> <span class='ocrx_word' id='word_1_133' title='bbox 849 2250 892 2326; x_wconf 91' lang='lat' dir='ltr'>et,</span> <span class='ocrx_word' id='word_1_134' title='bbox 919 2253 956 2308; x_wconf 92' lang='lat' dir='ltr'>ut</span> <span class='ocrx_word' id='word_1_135' title='bbox 978 2249 1076 2309; x_wconf 89' lang='lat' dir='ltr'>Plinio</span> 
     </span>
     <span class='ocr_line' id='line_1_18' title="bbox 63 2337 889 2415; baseline 0.002 -20"><span class='ocrx_word' id='word_1_136' title='bbox 63 2337 181 2414; x_wconf 84' lang='lat' dir='ltr'>placet,</span> <span class='ocrx_word' id='word_1_137' title='bbox 203 2337 344 2415; x_wconf 89' lang='lat' dir='ltr'>nunquis,</span> <span class='ocrx_word' id='word_1_138' title='bbox 367 2356 530 2415; x_wconf 89' lang='lat' dir='ltr'>nunquam,</span> <span class='ocrx_word' id='word_1_139' title='bbox 554 2355 662 2412; x_wconf 83' lang='lat' dir='ltr'>anceps</span> <span class='ocrx_word' id='word_1_140' title='bbox 685 2356 739 2413; x_wconf 89' lang='lat' dir='ltr'>pro</span> <span class='ocrx_word' id='word_1_141' title='bbox 763 2356 889 2414; x_wconf 89' lang='lat' dir='ltr'>amoeps.</span> 
     </span>
    </p>

    <p class='ocr_par' dir='ltr' id='par_1_7' title="bbox 64 2417 1116 2769">
     <span class='ocr_line' id='line_1_19' title="bbox 131 2417 1076 2507; baseline 0.001 -23"><span class='ocrx_word' id='word_1_142' title='bbox 131 2425 223 2484; x_wconf 88' lang='lat' dir='ltr'>Priso.</span> <span class='ocrx_word' id='word_1_143' title='bbox 244 2429 335 2502; x_wconf 88' lang='lat'>31,1</span> <span class='ocrx_word' id='word_1_144' title='bbox 369 2417 418 2506; x_wconf 83' lang='lat' dir='ltr'>(N</span> <span class='ocrx_word' id='word_1_145' title='bbox 420 2417 433 2507; x_wconf 84' lang='lat'><em>)</em></span> <span class='ocrx_word' id='word_1_146' title='bbox 461 2427 571 2486; x_wconf 88' lang='lat' dir='ltr'>transit</span> <span class='ocrx_word' id='word_1_147' title='bbox 597 2427 629 2484; x_wconf 92' lang='lat' dir='ltr'>in</span> <span class='ocrx_word' id='word_1_148' title='bbox 656 2445 686 2484; x_wconf 82' lang='lat' dir='ltr'>m</span> <span class='ocrx_word' id='word_1_149' title='bbox 714 2427 908 2503; x_wconf 88' lang='lat' dir='ltr'>sequentibus</span> <span class='ocrx_word' id='word_1_150' title='bbox 931 2428 947 2485; x_wconf 86' lang='lat' dir='ltr'>b</span> <span class='ocrx_word' id='word_1_151' title='bbox 974 2428 1076 2488; x_wconf 80' lang='grc'><strong>16166</strong></span> 
     </span>
     <span class='ocr_line' id='line_1_20' title="bbox 64 2514 1116 2594; baseline 0.002 -21"><span class='ocrx_word' id='word_1_152' title='bbox 64 2515 115 2574; x_wconf 91' lang='grc'>161</span> <span class='ocrx_word' id='word_1_153' title='bbox 135 2534 161 2589; x_wconf 76' lang='lat' dir='ltr'><strong><em>p</em></strong></span> <span class='ocrx_word' id='word_1_154' title='bbox 189 2516 311 2573; x_wconf 87' lang='lat' dir='ltr'>auetore</span> <span class='ocrx_word' id='word_1_155' title='bbox 334 2514 433 2573; x_wconf 89' lang='lat' dir='ltr'>Plinio</span> <span class='ocrx_word' id='word_1_156' title='bbox 462 2520 493 2575; x_wconf 89' lang='grc'>61</span> <span class='ocrx_word' id='word_1_157' title='bbox 515 2516 675 2592; x_wconf 88' lang='lat' dir='ltr'>Papiriano</span> <span class='ocrx_word' id='word_1_158' title='bbox 704 2519 734 2574; x_wconf 90' lang='grc'>61</span> <span class='ocrx_word' id='word_1_159' title='bbox 756 2515 869 2592; x_wconf 85' lang='lat' dir='ltr'>Probo,</span> <span class='ocrx_word' id='word_1_160' title='bbox 896 2521 932 2576; x_wconf 92' lang='lat' dir='ltr'>ut</span> <span class='ocrx_word' id='word_1_161' title='bbox 954 2516 1076 2594; x_wconf 93' lang='lat' dir='ltr'>imbibo,</span> <span class='ocrx_word' id='word_1_162' title='bbox 1090 2529 1116 2568; x_wconf 71' lang='lat'>2⁰</span> 
     </span>
     <span class='ocr_line' id='line_1_21' title="bbox 66 2603 1076 2683; baseline 0.002 -21"><span class='ocrx_word' id='word_1_163' title='bbox 66 2603 208 2681; x_wconf 85' lang='lat' dir='ltr'>imbellis,</span> <span class='ocrx_word' id='word_1_164' title='bbox 230 2603 375 2680; x_wconf 90' lang='lat' dir='ltr'>imbutus,</span> <span class='ocrx_word' id='word_1_165' title='bbox 402 2604 552 2683; x_wconf 91' lang='lat' dir='ltr'>immineo,</span> <span class='ocrx_word' id='word_1_166' title='bbox 575 2605 715 2682; x_wconf 86' lang='lat' dir='ltr'>immitto,</span> <span class='ocrx_word' id='word_1_167' title='bbox 738 2605 890 2681; x_wconf 93' lang='lat' dir='ltr'>immotus,</span> <span class='ocrx_word' id='word_1_168' title='bbox 912 2605 1076 2683; x_wconf 86' lang='lat' dir='ltr'>improbus,</span> 
     </span>
     <span class='ocr_line' id='line_1_22' title="bbox 64 2691 399 2769; baseline 0.009 -20"><span class='ocrx_word' id='word_1_169' title='bbox 64 2691 245 2768; x_wconf 87' lang='lat' dir='ltr'>imperator,</span> <span class='ocrx_word' id='word_1_170' title='bbox 267 2692 399 2769; x_wconf 88' lang='lat' dir='ltr'>impello.</span> 
     </span>
    </p>

    <p class='ocr_par' dir='ltr' id='par_1_8' title="bbox 129 2780 1075 2859">
     <span class='ocr_line' id='line_1_23' title="bbox 129 2780 1075 2859; baseline 0.002 -19"><span class='ocrx_word' id='word_1_171' title='bbox 129 2780 222 2840; x_wconf 83' lang='lat' dir='ltr'>Prisc.</span> <span class='ocrx_word' id='word_1_172' title='bbox 238 2782 289 2859; x_wconf 84' lang='lat'>26,</span> <span class='ocrx_word' id='word_1_173' title='bbox 305 2783 345 2840; x_wconf 88' lang='grc'>16</span> <span class='ocrx_word' id='word_1_174' title='bbox 368 2780 392 2840; x_wconf 89' lang='lat'><em>0</em></span> <span class='ocrx_word' id='word_1_175' title='bbox 405 2781 523 2859; x_wconf 87' lang='lat' dir='ltr'>aliquot</span> <span class='ocrx_word' id='word_1_176' title='bbox 535 2782 643 2841; x_wconf 90' lang='lat' dir='ltr'>Italiae</span> <span class='ocrx_word' id='word_1_177' title='bbox 656 2781 795 2843; x_wconf 82' lang='lat' dir='ltr'>civitates</span> <span class='ocrx_word' id='word_1_178' title='bbox 808 2784 886 2841; x_wconf 89' lang='lat' dir='ltr'>teste</span> <span class='ocrx_word' id='word_1_179' title='bbox 901 2782 999 2842; x_wconf 94' lang='lat' dir='ltr'>Plinio</span> <span class='ocrx_word' id='word_1_180' title='bbox 1014 2802 1075 2842; x_wconf 92' lang='lat' dir='ltr'>non</span> 
     </span>
    </p>
   </div>
   <div class='ocr_carea' id='block_1_6' title="bbox 64 2869 1118 3018">
    <p class='ocr_par' dir='ltr' id='par_1_9' title="bbox 64 2869 1118 3018">
     <span class='ocr_line' id='line_1_24' title="bbox 64 2869 1077 3017; baseline 0.004 -89"><span class='ocrx_word' id='word_1_181' title='bbox 64 2869 227 3017; x_wconf 51' lang='lat' dir='ltr'>qubebant,</span> <span class='ocrx_word' id='word_1_182' title='bbox 251 2870 302 2928; x_wconf 89' lang='lat' dir='ltr'>sed</span> <span class='ocrx_word' id='word_1_183' title='bbox 324 2870 391 2929; x_wconf 90' lang='lat' dir='ltr'>loeo</span> <span class='ocrx_word' id='word_1_184' title='bbox 415 2870 479 2930; x_wconf 92' lang='lat' dir='ltr'>eius</span> <span class='ocrx_word' id='word_1_185' title='bbox 502 2871 654 2947; x_wconf 89' lang='lat' dir='ltr'>ponebant</span> <span class='ocrx_word' id='word_1_186' title='bbox 672 2891 693 2930; x_wconf 80' lang='grc'>6</span> <span class='ocrx_word' id='word_1_187' title='bbox 716 2874 747 2929; x_wconf 86' lang='grc'>61</span> <span class='ocrx_word' id='word_1_188' title='bbox 769 2871 898 2930; x_wconf 86' lang='lat' dir='ltr'>maxime</span> <span class='ocrx_word' id='word_1_189' title='bbox 916 2870 1023 2931; x_wconf 91' lang='lat' dir='ltr'>Umbri</span> <span class='ocrx_word' id='word_1_190' title='bbox 1046 2876 1077 2932; x_wconf 89' lang='lat' dir='ltr'>et</span> 
     </span>
     <span class='ocr_line' id='line_1_25' title="bbox 115 2972 1118 3018; baseline -0.005 -1"><span class='ocrx_word' id='word_1_191' title='bbox 115 2976 167 3018; x_wconf 82' lang='lat' dir='ltr'>soi.</span> <span class='ocrx_word' id='word_1_192' title='bbox 1092 2972 1118 3012; x_wconf 81' lang='lat'>25</span> 
     </span>
    </p>
   </div>
   <div class='ocr_carea' id='block_1_7' title="bbox 63 3134 1074 3554">
    <p class='ocr_par' dir='ltr' id='par_1_10' title="bbox 63 3134 1074 3481">
     <span class='ocr_line' id='line_1_26' title="bbox 130 3134 1074 3214; baseline 0.001 -20"><span class='ocrx_word' id='word_1_193' title='bbox 130 3134 184 3197; x_wconf 85' lang='lat' dir='ltr'>Ch.</span> <span class='ocrx_word' id='word_1_194' title='bbox 209 3137 347 3214; x_wconf 83' lang='lat'>135,13</span> <span class='ocrx_word' id='word_1_195' title='bbox 376 3136 545 3196; x_wconf 86' lang='lat' dir='ltr'>Laterale</span> <span class='ocrx_word' id='word_1_196' title='bbox 578 3156 616 3195; x_wconf 88' lang='lat' dir='ltr'>an</span> <span class='ocrx_word' id='word_1_197' title='bbox 647 3137 829 3197; x_wconf 79' lang='lat' dir='ltr'>laterare?</span> <span class='ocrx_word' id='word_1_198' title='bbox 872 3138 925 3197; x_wconf 94' lang='lat' dir='ltr'>ubi</span> <span class='ocrx_word' id='word_1_199' title='bbox 956 3137 1074 3196; x_wconf 92' lang='lat' dir='ltr'>Plinius</span> 
     </span>
     <span class='ocr_line' id='line_1_27' title="bbox 64 3221 1074 3303; baseline 0.001 -21"><span class='ocrx_word' id='word_1_200' title='bbox 64 3224 169 3284; x_wconf 91' lang='lat' dir='ltr'>eodem</span> <span class='ocrx_word' id='word_1_201' title='bbox 195 3224 273 3284; x_wconf 91' lang='lat' dir='ltr'>libro</span> <span class='ocrx_word' id='word_1_202' title='bbox 295 3224 341 3284; x_wconf 81' lang='lat' dir='ltr'>Vl</span> <span class='ocrx_word' id='word_1_203' title='bbox 367 3221 405 3284; x_wconf 75' lang='lat' dir='ltr'>‘si</span> <span class='ocrx_word' id='word_1_204' title='bbox 430 3246 448 3285; x_wconf 87' lang='lat' dir='ltr'>r</span> <span class='ocrx_word' id='word_1_205' title='bbox 473 3227 576 3286; x_wconf 88' lang='lat' dir='ltr'>littera</span> <span class='ocrx_word' id='word_1_206' title='bbox 603 3228 799 3302; x_wconf 82' lang='lat' dir='ltr'>praecesserit</span> <span class='ocrx_word' id='word_1_207' title='bbox 825 3228 857 3285; x_wconf 93' lang='lat' dir='ltr'>in</span> <span class='ocrx_word' id='word_1_208' title='bbox 882 3244 1074 3303; x_wconf 83' lang='lat' dir='ltr'>quacumque</span> 
     </span>
     <span class='ocr_line' id='line_1_28' title="bbox 64 3312 1074 3393; baseline 0.001 -21"><span class='ocrx_word' id='word_1_209' title='bbox 64 3312 195 3392; x_wconf 87' lang='lat' dir='ltr'>syllaba,</span> <span class='ocrx_word' id='word_1_210' title='bbox 224 3315 310 3391; x_wconf 91' lang='lat' dir='ltr'>sequi</span> <span class='ocrx_word' id='word_1_211' title='bbox 337 3314 426 3373; x_wconf 89' lang='lat' dir='ltr'>debet</span> <span class='ocrx_word' id='word_1_212' title='bbox 453 3316 476 3392; x_wconf 83' lang='lat' dir='ltr'>l,</span> <span class='ocrx_word' id='word_1_213' title='bbox 503 3317 539 3374; x_wconf 93' lang='lat' dir='ltr'>ut</span> <span class='ocrx_word' id='word_1_214' title='bbox 567 3317 719 3393; x_wconf 85' lang='lat' dir='ltr'>augurale.</span> <span class='ocrx_word' id='word_1_215' title='bbox 765 3320 870 3376; x_wconf 88' lang='lat' dir='ltr'>eontra</span> <span class='ocrx_word' id='word_1_216' title='bbox 897 3316 923 3374; x_wconf 90' lang='lat' dir='ltr'>si</span> <span class='ocrx_word' id='word_1_217' title='bbox 950 3315 960 3373; x_wconf 83' lang='lat' dir='ltr'>l</span> <span class='ocrx_word' id='word_1_218' title='bbox 987 3333 1074 3391; x_wconf 88' lang='lat' dir='ltr'>prae-</span> 
     </span>
     <span class='ocr_line' id='line_1_29' title="bbox 63 3399 684 3481; baseline 0.005 -21"><span class='ocrx_word' id='word_1_219' title='bbox 63 3403 201 3480; x_wconf 81' lang='lat' dir='ltr'>cesserit,</span> <span class='ocrx_word' id='word_1_220' title='bbox 224 3404 311 3481; x_wconf 91' lang='lat' dir='ltr'>sequi</span> <span class='ocrx_word' id='word_1_221' title='bbox 333 3403 423 3463; x_wconf 89' lang='lat' dir='ltr'>debet</span> <span class='ocrx_word' id='word_1_222' title='bbox 444 3424 469 3478; x_wconf 87' lang='lat' dir='ltr'>r,</span> <span class='ocrx_word' id='word_1_223' title='bbox 493 3407 529 3463; x_wconf 93' lang='lat' dir='ltr'>ut</span> <span class='ocrx_word' id='word_1_224' title='bbox 551 3399 684 3464; x_wconf 89' lang='lat' dir='ltr'>molare’.</span> 
     </span>
    </p>

    <p class='ocr_par' dir='ltr' id='par_1_11' title="bbox 115 3507 914 3554">
     <span class='ocr_line' id='line_1_30' title="bbox 115 3507 914 3554; baseline 0.003 -2"><span class='ocrx_word' id='word_1_225' title='bbox 115 3513 187 3553; x_wconf 75' lang='lat' dir='ltr'>Para.</span> <span class='ocrx_word' id='word_1_226' title='bbox 202 3511 255 3552; x_wconf 85' lang='lat' dir='ltr'>dnb.</span> <span class='ocrx_word' id='word_1_227' title='bbox 266 3523 331 3553; x_wconf 82' lang='lat' dir='ltr'>serm.</span> <span class='ocrx_word' id='word_1_228' title='bbox 899 3507 914 3554; x_wconf 93' lang='lat'>1</span> 
     </span>
    </p>
   </div>
   <div class='ocr_carea' id='block_1_8' title="bbox 0 0 1242 3914">
    <p class='ocr_par' dir='ltr' id='par_1_12' title="bbox 0 0 1242 3914">
     <span class='ocr_line' id='line_1_31' title="bbox 0 0 1242 3914; baseline 0 1"><span class='ocrx_word' id='word_1_229' title='bbox 0 0 1242 3914; x_wconf 95' lang='lat' dir='ltr'> </span> 
     </span>
    </p>
   </div>
  </div>
 </body>
</html>
