2476 3914
136 110 179 174 50
246 109 287 163 De
305 105 508 178 orthographia
527 106 585 162 sive
604 107 639 161 dc
658 106 751 160 dubiis
769 105 913 161 nominum
931 106 1037 163 formis.

201 259 293 318 Prisc.
314 261 389 332 233,
411 261 451 318 12
480 259 590 336 Aper,
618 258 684 334 apri
712 257 797 317 cuius
824 258 1003 317 femininum
1025 262 1147 319 veteres

135 350 328 426 protulerunt
350 367 436 425 apra,
459 350 496 406 ut
518 347 633 406 Plinius
657 346 811 406 Secundus
833 347 865 405 in
887 347 903 406 I
926 348 1047 409 artium.

203 436 255 497 Ob
282 440 401 515 120,4
432 436 596 496 Aestifcr
628 454 666 494 an
699 434 917 495 aestiferus?
963 436 1081 496 Plinius
1115 439 1146 497 in

136 526 241 586 eodem
267 526 343 586 libro
366 526 410 584 Vl
438 520 486 585 ‘ut
513 525 616 585 fatifer
639 527 670 583 et
692 525 805 583 aurifer
828 527 859 583 ct
882 525 1014 604 armiger
1035 527 1147 586 lucifer

107 616 260 675 afurcifer
282 616 341 674 dici
364 614 461 687 debet,
485 614 557 692 quia
580 614 735 690 conposita
754 617 834 689 sunt,
856 632 911 672 nec
933 617 970 673 ut
993 615 1146 692 quaedam

135 706 221 782 quasi
249 704 416 781 conposite,
448 704 534 765 velut
559 702 701 762 Euander
728 703 855 779 Teucer,
888 703 947 762 dici
974 704 1086 764 debent
1115 709 1147 765 et

134 794 286 853 interdum
308 810 324 852 e
345 793 449 852 littera
472 786 593 850 carcre'.

201 881 252 942 Ob.
279 885 355 957 101,
382 884 420 941 17
458 880 640 940 Insomnia
670 880 784 956 plurali
814 899 939 940 numero
972 881 1145 959 significare

133 972 240 1032 volunt
266 969 455 1046 grammatici
482 968 610 1045 somnia,
634 969 737 1028 addita
769 969 882 1028 scilicet
909 970 1145 1046 praepositione,

95 1079 120 1119 ιο
133 1064 169 1117 ut
192 1058 298 1118 Graeci
321 1059 425 1118 dicunt
447 1054 586 1136 ἐνύπνια,
610 1077 680 1116 nam
702 1061 733 1117 et
751 1059 904 1136 Vergilius
927 1060 977 1119 sed
998 1061 1079 1133 falsa
1103 1063 1145 1121 ad

134 1148 244 1207 caelum
261 1151 376 1207 mitent
388 1149 533 1207 commea
546 1165 658 1206 mecm:
678 1147 825 1224 singulari
838 1166 910 1208 vero
923 1167 1047 1208 numero
1062 1149 1142 1226 vigi·

133 1237 206 1295 liam
229 1235 407 1314 significare,
430 1238 465 1295 ut
483 1236 633 1297 Pacuvius
656 1236 688 1294 in
706 1235 841 1312 Antiopa
864 1236 940 1295 dixit
956 1240 1075 1312 perdita
1097 1242 1144 1298 trs-

133 1327 209 1385 luote
230 1331 314 1399 utque
335 1328 493 1402 insomnia,
520 1320 553 1383 id
580 1328 626 1384 cst
652 1325 767 1402 vigilia.
804 1326 856 1384 sed
883 1324 963 1385 idem
985 1326 1145 1404 Vergilius

133 1415 281 1474 insomnia
308 1415 400 1474 etiarn
431 1414 591 1490 pluraliter
621 1433 676 1491 pro
703 1414 816 1492 vigiliis
848 1415 963 1493 posuit,
995 1433 1069 1488 qaae
1096 1435 1144 1476 mc

94 1522 119 1562 15
132 1522 302 1578 suspensam
324 1505 470 1564 insomnio
488 1506 613 1562 terreat?
636 1504 773 1581 quamvis
796 1506 827 1562 ct
849 1504 899 1562 hic
918 1505 1033 1563 somnia
1051 1504 1143 1564 intel-

133 1594 194 1670 legi
217 1593 342 1669 possint,
365 1592 474 1670 quibus
498 1587 621 1670 <Dido>
644 1592 751 1652 terreri
773 1592 916 1668 potuerit.

200 1680 282 1741 Serv.
300 1680 339 1739 ad
356 1679 430 1739 Aen.
449 1680 493 1738 IV
513 1684 530 1740 9
552 1675 721 1740 ‘insomnia’
742 1681 830 1755 enim,
848 1680 921 1740 licet
940 1684 970 1740 et
987 1682 1144 1743 Pacuvius

134 1772 164 1828 et
182 1769 299 1828 Ennius
318 1769 493 1845 frequenter
511 1768 628 1844 dixerit,
650 1768 768 1828 Plinius
787 1771 890 1828 tamen
908 1770 1037 1830 exclusit
1055 1773 1087 1830 et
1106 1771 1145 1831 de

133 1877 191 1917 usu
213 1857 349 1917 removit.

92 1965 118 2004 eo
197 1947 234 2007 K.
254 1947 280 2003 V
301 1948 374 2024 578,
391 1949 408 2005 7
428 1945 643 2022 Erinaceus,
666 1964 725 2005 non
744 1945 860 2006 ericius.
879 1950 985 2006 tamen
1000 1948 1145 2008 Rabirius

126 2041 336 2111 portarumque
358 2038 421 2110 fait,
437 2040 530 2095 custos
552 2037 663 2095 metus.
861 2094 876 2131 ·

199 2124 250 2185 (lb.
280 2128 356 2203 130,
385 2127 426 2185 35
467 2124 603 2184 Femini
646 2124 785 2185 Tibullus
821 2126 1007 2200 calcataque
1042 2126 1143 2198 femur

130 2217 245 2293 semini,
272 2233 332 2274 non
358 2214 476 2289 femori,
505 2214 592 2291 quasi
619 2214 659 2273 sit
685 2216 741 2275 hoc
767 2215 867 2274 femur
892 2215 982 2274 huius
1008 2214 1142 2275 feminis

131 2304 229 2363 femen
253 2303 332 2362 enim
354 2302 540 2364 nominativo
563 2306 599 2363 ut
621 2321 722 2363 semen
744 2304 870 2363 necdum
894 2303 1021 2381 legimus
1046 2322 1064 2362 a
1087 2323 1140 2364 ve-

93 2393 248 2452 actoribus
272 2393 434 2453 adsertum.

199 2480 251 2540 Oh.
273 2483 349 2555 145,
371 2471 465 2560 27(?)
500 2480 676 2540 Torcular
705 2478 779 2540 Afer
810 2500 865 2558 pro
893 2480 1042 2540 Taurinis.
1088 2481 1143 2540 sed

132 2571 282 2628 torculare
310 2568 369 2627 dici
391 2568 494 2645 debet,
523 2568 594 2645 quia
621 2567 762 2645 genetivo
786 2589 804 2629 o
827 2570 932 2629 littera
954 2569 1144 2648 producitur,

132 2677 192 2715 non
215 2661 250 2716 ut
273 2656 386 2716 iubaris
410 2658 529 2732 lucaris,
552 2656 605 2715 sed
627 2656 794 2717 torcularis.

203 2813 219 2861 3
239 2806 396 2880 aestifer]
419 2813 434 2862 7
452 2826 468 2864 r
486 2808 579 2863 littera
595 2807 629 2863 N.

203 2972 237 3021 20
257 2967 447 3040 erinaceus]
471 2966 557 3021 Plinii
574 2970 689 3039 propter
706 2968 816 3022 Rabirii
833 2969 1027 3025 testimonium
1044 2986 1140 3025 rarum

132 3041 161 3093 et
174 3037 295 3093 unicum.
315 3037 349 3092 cf.
365 3037 412 3094 Ch.
429 3044 470 3108 65,
486 3045 501 3093 9
517 3038 677 3109 (Pliniana).
696 3072 731 3080 —
749 3045 782 3093 22
797 3041 930 3114 femini]
946 3042 980 3097 cf.
996 3041 1044 3098 Oh.
1055 3047 1098 3112 87,
1109 3049 1138 3098 2:

130 3110 190 3165 Hoc
213 3109 304 3164 femur
321 3109 404 3164 buius
427 3109 547 3166 feminis.
582 3111 631 3165 sed
654 3111 814 3180 frequenter
836 3112 919 3166 huius
942 3111 1054 3166 feminis
1073 3113 1139 3167 huic

131 3180 229 3236 femini
248 3180 354 3235 dictum
395 3184 438 3235 est
474 3184 503 3235 et
542 3181 690 3251 pluraliter
707 3185 767 3237 tam
789 3181 895 3237 femina
915 3200 1001 3252 quarn
1018 3183 1139 3252 femora;

130 3253 249 3322 ideoque
269 3251 341 3326 (ct)
359 3251 394 3306 Tb
414 3226 487 3306 nlius
527 3270 560 3308 oc
577 3253 670 3323 ipsum
690 3253 798 3309 erudite
824 3254 959 3324 custodit,
983 3271 1045 3309 oum
1069 3254 1140 3311 dicit

131 3326 311 3394 inplicuitque
333 3325 422 3392 femur
443 3325 554 3392 femini,
577 3327 606 3380 et
623 3324 764 3394 Vergilius
788 3327 871 3396 eripit
893 3344 912 3381 a
928 3327 1035 3394 semine.
1073 3326 1139 3380 Alia

132 3396 207 3464 apud
230 3394 373 3449 Tibullum
394 3394 574 3450 inveniuntur
592 3397 616 3464 (Ι
630 3401 655 3466 8,
670 3402 704 3450 26
725 3398 821 3464 funcra·
844 3399 1008 3454 casaclore
1030 3399 1138 3468 femur).

130 3496 166 3506 —
185 3473 219 3520 26
239 3467 406 3540 torcular]
425 3466 493 3520 Afer
511 3465 529 3522 i.
544 3483 567 3521 e.
586 3466 726 3522 Domitius
744 3467 819 3524 Afer.
