<?xml version="1.0" encoding="UTF-8"?>
<!DOCTYPE html PUBLIC "-//W3C//DTD XHTML 1.0 Transitional//EN"
    "http://www.w3.org/TR/xhtml1/DTD/xhtml1-transitional.dtd">
<html xmlns="http://www.w3.org/1999/xhtml" xml:lang="en" lang="en">
 <head>
  <title>
</title>
<meta http-equiv="Content-Type" content="text/html;charset=utf-8" />
  <meta name='ocr-system' content='tesseract 3.04.00' />
  <meta name='ocr-capabilities' content='ocr_page ocr_carea ocr_par ocr_line ocrx_word'/>
</head>
<body>
  <div class='ocr_page' id='page_1' title='image "./cpliniisecundil00beckgoog_0009.png"; bbox 0 0 2476 3914; ppageno 0'>
   <div class='ocr_carea' id='block_1_1' title="bbox 139 164 721 221">
    <p class='ocr_par' dir='ltr' id='par_1_1' title="bbox 139 164 721 221">
     <span class='ocr_line' id='line_1_1' title="bbox 139 164 721 221; baseline 0.002 -2"><span class='ocrx_word' id='word_1_1' title='bbox 139 166 177 221; x_wconf 85' lang='lat' dir='ltr'>IV</span> <span class='ocrx_word' id='word_1_2' title='bbox 570 164 721 220; x_wconf 88' lang='lat' dir='ltr'>Praefatio.</span> 
     </span>
    </p>
   </div>
   <div class='ocr_carea' id='block_1_2' title="bbox 142 315 1156 2526">
    <p class='ocr_par' dir='ltr' id='par_1_2' title="bbox 142 315 1156 750">
     <span class='ocr_line' id='line_1_2' title="bbox 142 315 1156 394; baseline -0.001 -18"><span class='ocrx_word' id='word_1_3' title='bbox 142 317 216 394; x_wconf 88' lang='lat' dir='ltr'>fieri,</span> <span class='ocrx_word' id='word_1_4' title='bbox 234 319 271 374; x_wconf 94' lang='lat' dir='ltr'>ut</span> <span class='ocrx_word' id='word_1_5' title='bbox 288 315 423 392; x_wconf 95' lang='lat' dir='ltr'>lepidum</span> <span class='ocrx_word' id='word_1_6' title='bbox 442 316 593 393; x_wconf 81' lang='lat' dir='ltr'><strong>quoddam</strong></span> <span class='ocrx_word' id='word_1_7' title='bbox 611 317 778 375; x_wconf 91' lang='lat' dir='ltr'>frustulum</span> <span class='ocrx_word' id='word_1_8' title='bbox 791 316 906 376; x_wconf 87' lang='lat' dir='ltr'>invitus</span> <span class='ocrx_word' id='word_1_9' title='bbox 921 316 1064 375; x_wconf 78' lang='lat' dir='ltr'>omiseris,</span> <span class='ocrx_word' id='word_1_10' title='bbox 1098 316 1156 375; x_wconf 81' lang='lat' dir='ltr'>Sed</span> 
     </span>
     <span class='ocr_line' id='line_1_3' title="bbox 143 405 1155 482; baseline -0.001 -17"><span class='ocrx_word' id='word_1_11' title='bbox 143 407 283 465; x_wconf 90' lang='lat' dir='ltr'>labo1um</span> <span class='ocrx_word' id='word_1_12' title='bbox 300 408 330 463; x_wconf 92' lang='lat' dir='ltr'>et</span> <span class='ocrx_word' id='word_1_13' title='bbox 348 406 557 464; x_wconf 74' lang='lat' dir='ltr'>molestiarum</span> <span class='ocrx_word' id='word_1_14' title='bbox 575 424 717 464; x_wconf 90' lang='lat' dir='ltr'>numerus</span> <span class='ocrx_word' id='word_1_15' title='bbox 733 424 916 482; x_wconf 89' lang='lat' dir='ltr'>quamquam</span> <span class='ocrx_word' id='word_1_16' title='bbox 935 405 1008 464; x_wconf 88' lang='lat' dir='ltr'>satis</span> <span class='ocrx_word' id='word_1_17' title='bbox 1026 424 1155 482; x_wconf 86' lang='lat' dir='ltr'>magnus</span> 
     </span>
     <span class='ocr_line' id='line_1_4' title="bbox 145 494 1153 572; baseline -0.003 -17"><span class='ocrx_word' id='word_1_18' title='bbox 145 499 190 555; x_wconf 91' lang='lat' dir='ltr'>est</span> <span class='ocrx_word' id='word_1_19' title='bbox 209 498 240 553; x_wconf 91' lang='lat' dir='ltr'>et</span> <span class='ocrx_word' id='word_1_20' title='bbox 259 495 296 552; x_wconf 92' lang='lat' dir='ltr'>ab</span> <span class='ocrx_word' id='word_1_21' title='bbox 315 494 406 553; x_wconf 91' lang='lat' dir='ltr'>huius</span> <span class='ocrx_word' id='word_1_22' title='bbox 425 495 506 553; x_wconf 92' lang='lat' dir='ltr'>modi</span> <span class='ocrx_word' id='word_1_23' title='bbox 520 495 629 554; x_wconf 91' lang='lat' dir='ltr'>studiis</span> <span class='ocrx_word' id='word_1_24' title='bbox 644 495 696 572; x_wconf 91' lang='lat' dir='ltr'>qui</span> <span class='ocrx_word' id='word_1_25' title='bbox 710 495 822 553; x_wconf 91' lang='lat' dir='ltr'>multos</span> <span class='ocrx_word' id='word_1_26' title='bbox 838 495 988 553; x_wconf 89' lang='lat' dir='ltr'>deterreat</span> <span class='ocrx_word' id='word_1_27' title='bbox 1003 495 1076 554; x_wconf 93' lang='lat' dir='ltr'>satis</span> <span class='ocrx_word' id='word_1_28' title='bbox 1090 496 1153 553; x_wconf 94' lang='lat' dir='ltr'>ido-</span> 
     </span>
     <span class='ocr_line' id='line_1_5' title="bbox 144 583 1155 662; baseline -0.002 -19"><span class='ocrx_word' id='word_1_29' title='bbox 144 602 232 662; x_wconf 87' lang='lat' dir='ltr'>neus,</span> <span class='ocrx_word' id='word_1_30' title='bbox 260 584 325 660; x_wconf 92' lang='lat' dir='ltr'>ipse</span> <span class='ocrx_word' id='word_1_31' title='bbox 355 586 401 643; x_wconf 93' lang='lat' dir='ltr'>est</span> <span class='ocrx_word' id='word_1_32' title='bbox 429 584 515 642; x_wconf 84' lang='lat' dir='ltr'>dulce</span> <span class='ocrx_word' id='word_1_33' title='bbox 543 583 617 641; x_wconf 92' lang='lat' dir='ltr'>mihi</span> <span class='ocrx_word' id='word_1_34' title='bbox 642 583 781 643; x_wconf 88' lang='lat' dir='ltr'>laborum</span> <span class='ocrx_word' id='word_1_35' title='bbox 803 583 934 641; x_wconf 84' lang='lat' dir='ltr'>lenimen</span> <span class='ocrx_word' id='word_1_36' title='bbox 958 587 1050 661; x_wconf 86' lang='lat' dir='ltr'>atque</span> <span class='ocrx_word' id='word_1_37' title='bbox 1073 583 1155 642; x_wconf 87' lang='lat' dir='ltr'>haud</span> 
     </span>
     <span class='ocr_line' id='line_1_6' title="bbox 143 672 446 750; baseline -0.007 -18"><span class='ocrx_word' id='word_1_38' title='bbox 143 692 272 750; x_wconf 81' lang='lat' dir='ltr'>parvum</span> <span class='ocrx_word' id='word_1_39' title='bbox 295 672 446 732; x_wconf 89' lang='lat' dir='ltr'>solatium.</span> 
     </span>
    </p>

    <p class='ocr_par' dir='ltr' id='par_1_3' title="bbox 143 760 1156 2526">
     <span class='ocr_line' id='line_1_7' title="bbox 210 760 1155 838; baseline -0.004 -16"><span class='ocrx_word' id='word_1_40' title='bbox 210 760 397 838; x_wconf 88' lang='lat' dir='ltr'>Opusculmn</span> <span class='ocrx_word' id='word_1_41' title='bbox 419 761 481 819; x_wconf 91' lang='lat' dir='ltr'>fere</span> <span class='ocrx_word' id='word_1_42' title='bbox 501 764 568 820; x_wconf 93' lang='lat' dir='ltr'>octo</span> <span class='ocrx_word' id='word_1_43' title='bbox 588 764 658 820; x_wconf 91' lang='lat' dir='ltr'>ante</span> <span class='ocrx_word' id='word_1_44' title='bbox 678 762 764 820; x_wconf 89' lang='lat' dir='ltr'>annis</span> <span class='ocrx_word' id='word_1_45' title='bbox 783 760 964 837; x_wconf 91' lang='lat' dir='ltr'>promissum</span> <span class='ocrx_word' id='word_1_46' title='bbox 982 761 1103 819; x_wconf 86' lang='lat' dir='ltr'>tandem</span> <span class='ocrx_word' id='word_1_47' title='bbox 1123 761 1155 818; x_wconf 90' lang='lat' dir='ltr'>in</span> 
     </span>
     <span class='ocr_line' id='line_1_8' title="bbox 143 849 1155 928; baseline -0.002 -18"><span class='ocrx_word' id='word_1_48' title='bbox 143 852 241 910; x_wconf 91' lang='lat' dir='ltr'>lucem</span> <span class='ocrx_word' id='word_1_49' title='bbox 264 850 405 927; x_wconf 80' lang='lat' dir='ltr'>prodibit.</span> <span class='ocrx_word' id='word_1_50' title='bbox 451 849 542 908; x_wconf 92' lang='lat' dir='ltr'>Haud</span> <span class='ocrx_word' id='word_1_51' title='bbox 565 849 634 928; x_wconf 80' lang='lat' dir='ltr'>scio,</span> <span class='ocrx_word' id='word_1_52' title='bbox 659 850 685 909; x_wconf 92' lang='lat' dir='ltr'>si</span> <span class='ocrx_word' id='word_1_53' title='bbox 707 851 810 927; x_wconf 91' lang='lat' dir='ltr'>plures</span> <span class='ocrx_word' id='word_1_54' title='bbox 835 849 928 908; x_wconf 91' lang='lat' dir='ltr'>etiam</span> <span class='ocrx_word' id='word_1_55' title='bbox 951 868 1044 908; x_wconf 90' lang='lat' dir='ltr'>annos</span> <span class='ocrx_word' id='word_1_56' title='bbox 1066 868 1155 908; x_wconf 90' lang='lat' dir='ltr'>cunc-</span> 
     </span>
     <span class='ocr_line' id='line_1_9' title="bbox 144 937 1155 1016; baseline -0.003 -16"><span class='ocrx_word' id='word_1_57' title='bbox 144 939 236 1000; x_wconf 89' lang='lat' dir='ltr'>tando</span> <span class='ocrx_word' id='word_1_58' title='bbox 259 937 508 1016; x_wconf 64' lang='lat' dir='ltr'>praetermittam,</span> <span class='ocrx_word' id='word_1_59' title='bbox 532 957 571 997; x_wconf 85' lang='lat' dir='ltr'>an</span> <span class='ocrx_word' id='word_1_60' title='bbox 592 940 690 1016; x_wconf 81' lang='lat' dir='ltr'>magis</span> <span class='ocrx_word' id='word_1_61' title='bbox 710 939 882 998; x_wconf 89' lang='lat' dir='ltr'>elaboratus</span> <span class='ocrx_word' id='word_1_62' title='bbox 901 957 960 997; x_wconf 89' lang='lat' dir='ltr'>non</span> <span class='ocrx_word' id='word_1_63' title='bbox 980 938 1088 998; x_wconf 82' lang='lat' dir='ltr'>euadat</span> <span class='ocrx_word' id='word_1_64' title='bbox 1106 938 1155 997; x_wconf 87' lang='lat' dir='ltr'>hio</span> 
     </span>
     <span class='ocr_line' id='line_1_10' title="bbox 144 1027 1155 1106; baseline -0.002 -19"><span class='ocrx_word' id='word_1_65' title='bbox 144 1029 272 1104; x_wconf 83' lang='lat' dir='ltr'>libellus,</span> <span class='ocrx_word' id='word_1_66' title='bbox 297 1046 335 1085; x_wconf 92' lang='lat' dir='ltr'>an</span> <span class='ocrx_word' id='word_1_67' title='bbox 357 1027 530 1086; x_wconf 87' lang='lat' dir='ltr'>litterarum</span> <span class='ocrx_word' id='word_1_68' title='bbox 548 1027 720 1106; x_wconf 79' lang='lat' dir='ltr'>latinarum,</span> <span class='ocrx_word' id='word_1_69' title='bbox 744 1027 958 1105; x_wconf 83' lang='lat' dir='ltr'>grammaticae</span> <span class='ocrx_word' id='word_1_70' title='bbox 976 1027 1155 1103; x_wconf 89' lang='lat' dir='ltr'>praesertim</span> 
     </span>
     <span class='ocr_line' id='line_1_11' title="bbox 144 1116 1154 1193; baseline -0.001 -17"><span class='ocrx_word' id='word_1_71' title='bbox 144 1117 287 1193; x_wconf 80' lang='lat' dir='ltr'>antiquae</span> <span class='ocrx_word' id='word_1_72' title='bbox 318 1116 461 1176; x_wconf 87' lang='lat' dir='ltr'>studiosis</span> <span class='ocrx_word' id='word_1_73' title='bbox 493 1116 660 1175; x_wconf 88' lang='lat' dir='ltr'>utilitatem</span> <span class='ocrx_word' id='word_1_74' title='bbox 692 1117 808 1175; x_wconf 92' lang='lat' dir='ltr'>nullam</span> <span class='ocrx_word' id='word_1_75' title='bbox 841 1117 971 1177; x_wconf 85' lang='lat' dir='ltr'>afferam.</span> <span class='ocrx_word' id='word_1_76' title='bbox 1017 1116 1154 1192; x_wconf 89' lang='lat' dir='ltr'>Namque</span> 
     </span>
     <span class='ocr_line' id='line_1_12' title="bbox 145 1205 1154 1282; baseline 0 -18"><span class='ocrx_word' id='word_1_77' title='bbox 145 1207 200 1264; x_wconf 94' lang='lat' dir='ltr'>aut</span> <span class='ocrx_word' id='word_1_78' title='bbox 223 1205 323 1264; x_wconf 91' lang='lat' dir='ltr'>omnia</span> <span class='ocrx_word' id='word_1_79' title='bbox 346 1224 393 1264; x_wconf 92' lang='lat' dir='ltr'>me</span> <span class='ocrx_word' id='word_1_80' title='bbox 421 1205 534 1263; x_wconf 90' lang='lat' dir='ltr'>fallunt</span> <span class='ocrx_word' id='word_1_81' title='bbox 561 1209 616 1264; x_wconf 91' lang='lat' dir='ltr'>aut</span> <span class='ocrx_word' id='word_1_82' title='bbox 643 1206 699 1265; x_wconf 91' lang='lat' dir='ltr'>hoc</span> <span class='ocrx_word' id='word_1_83' title='bbox 727 1205 811 1265; x_wconf 89' lang='lat' dir='ltr'>fonte</span> <span class='ocrx_word' id='word_1_84' title='bbox 840 1205 1009 1282; x_wconf 89' lang='lat' dir='ltr'>antiquiore</span> <span class='ocrx_word' id='word_1_85' title='bbox 1037 1206 1154 1264; x_wconf 88' lang='lat' dir='ltr'>recluso</span> 
     </span>
     <span class='ocr_line' id='line_1_13' title="bbox 144 1293 1154 1372; baseline 0.001 -20"><span class='ocrx_word' id='word_1_86' title='bbox 144 1295 272 1354; x_wconf 88' lang='lat' dir='ltr'>fortasse</span> <span class='ocrx_word' id='word_1_87' title='bbox 308 1293 509 1354; x_wconf 80' lang='lat' dir='ltr'>reconditiora</span> <span class='ocrx_word' id='word_1_88' title='bbox 545 1295 750 1372; x_wconf 81' lang='lat' dir='ltr'>pervestigare</span> <span class='ocrx_word' id='word_1_89' title='bbox 787 1294 899 1353; x_wconf 83' lang='lat' dir='ltr'>licebit.</span> <span class='ocrx_word' id='word_1_90' title='bbox 954 1295 1061 1370; x_wconf 88' lang='lat' dir='ltr'>Itaque</span> <span class='ocrx_word' id='word_1_91' title='bbox 1098 1295 1154 1354; x_wconf 91' lang='lat' dir='ltr'>hoc</span> 
     </span>
     <span class='ocr_line' id='line_1_14' title="bbox 144 1383 1155 1462; baseline -0.002 -19"><span class='ocrx_word' id='word_1_92' title='bbox 144 1384 324 1459; x_wconf 91' lang='lat' dir='ltr'>opusculum</span> <span class='ocrx_word' id='word_1_93' title='bbox 362 1385 581 1460; x_wconf 87' lang='lat' dir='ltr'>qualecumque</span> <span class='ocrx_word' id='word_1_94' title='bbox 618 1384 650 1442; x_wconf 92' lang='lat' dir='ltr'>in</span> <span class='ocrx_word' id='word_1_95' title='bbox 685 1385 797 1462; x_wconf 76' lang='lat' dir='ltr'>uulgus</span> <span class='ocrx_word' id='word_1_96' title='bbox 835 1385 970 1443; x_wconf 91' lang='lat' dir='ltr'>emittere</span> <span class='ocrx_word' id='word_1_97' title='bbox 1003 1383 1155 1460; x_wconf 88' lang='lat' dir='ltr'>constitui,</span> 
     </span>
     <span class='ocr_line' id='line_1_15' title="bbox 143 1472 1155 1549; baseline 0.003 -20"><span class='ocrx_word' id='word_1_98' title='bbox 143 1474 179 1530; x_wconf 91' lang='lat' dir='ltr'>ut</span> <span class='ocrx_word' id='word_1_99' title='bbox 206 1472 264 1533; x_wconf 82' lang='lat' dir='ltr'>uiri</span> <span class='ocrx_word' id='word_1_100' title='bbox 292 1477 323 1532; x_wconf 94' lang='lat' dir='ltr'>et</span> <span class='ocrx_word' id='word_1_101' title='bbox 350 1472 486 1532; x_wconf 88' lang='lat' dir='ltr'>doctrina</span> <span class='ocrx_word' id='word_1_102' title='bbox 514 1479 545 1531; x_wconf 92' lang='lat' dir='ltr'>et</span> <span class='ocrx_word' id='word_1_103' title='bbox 572 1472 709 1532; x_wconf 90' lang='lat' dir='ltr'>acumine</span> <span class='ocrx_word' id='word_1_104' title='bbox 738 1476 769 1532; x_wconf 91' lang='lat' dir='ltr'>et</span> <span class='ocrx_word' id='word_1_105' title='bbox 796 1473 961 1532; x_wconf 87' lang='lat' dir='ltr'>insatiabili</span> <span class='ocrx_word' id='word_1_106' title='bbox 988 1473 1155 1549; x_wconf 88' lang='lat' dir='ltr'>cupiditate</span> 
     </span>
     <span class='ocr_line' id='line_1_16' title="bbox 144 1561 1155 1640; baseline -0.001 -20"><span class='ocrx_word' id='word_1_107' title='bbox 144 1561 348 1640; x_wconf 86' lang='lat' dir='ltr'>investigandi</span> <span class='ocrx_word' id='word_1_108' title='bbox 370 1581 439 1622; x_wconf 89' lang='lat' dir='ltr'>oum</span> <span class='ocrx_word' id='word_1_109' title='bbox 462 1581 562 1620; x_wconf 87' lang='lat' dir='ltr'>rerum</span> <span class='ocrx_word' id='word_1_110' title='bbox 585 1565 726 1621; x_wconf 87' lang='lat' dir='ltr'>naturam</span> <span class='ocrx_word' id='word_1_111' title='bbox 752 1567 819 1620; x_wconf 91' lang='lat' dir='ltr'>tum</span> <span class='ocrx_word' id='word_1_112' title='bbox 841 1562 965 1640; x_wconf 85' lang='lat' dir='ltr'>linguae</span> <span class='ocrx_word' id='word_1_113' title='bbox 987 1562 1155 1639; x_wconf 88' lang='lat' dir='ltr'>penetralia</span> 
     </span>
     <span class='ocr_line' id='line_1_17' title="bbox 144 1650 1153 1729; baseline 0.001 -22"><span class='ocrx_word' id='word_1_114' title='bbox 144 1651 274 1726; x_wconf 86' lang='lat' dir='ltr'>praediti</span> <span class='ocrx_word' id='word_1_115' title='bbox 298 1669 373 1727; x_wconf 93' lang='lat' dir='ltr'>opus</span> <span class='ocrx_word' id='word_1_116' title='bbox 396 1654 526 1729; x_wconf 85' lang='lat' dir='ltr'>tantum,</span> <span class='ocrx_word' id='word_1_117' title='bbox 550 1651 630 1727; x_wconf 93' lang='lat' dir='ltr'>quod</span> <span class='ocrx_word' id='word_1_118' title='bbox 653 1670 707 1727; x_wconf 91' lang='lat' dir='ltr'>per</span> <span class='ocrx_word' id='word_1_119' title='bbox 728 1651 808 1711; x_wconf 81' lang='lat' dir='ltr'>vires</span> <span class='ocrx_word' id='word_1_120' title='bbox 831 1654 950 1710; x_wconf 86' lang='lat' dir='ltr'>nostras</span> <span class='ocrx_word' id='word_1_121' title='bbox 972 1650 1075 1721; x_wconf 86' lang='lat' dir='ltr'>liceat,</span> <span class='ocrx_word' id='word_1_122' title='bbox 1099 1668 1153 1708; x_wconf 92' lang='lat' dir='ltr'>suo</span> 
     </span>
     <span class='ocr_line' id='line_1_18' title="bbox 144 1737 1155 1814; baseline 0 -18"><span class='ocrx_word' id='word_1_123' title='bbox 144 1738 242 1814; x_wconf 89' lang='lat' dir='ltr'>pretio</span> <span class='ocrx_word' id='word_1_124' title='bbox 266 1739 449 1798; x_wconf 87' lang='lat' dir='ltr'>aestimetur.</span> <span class='ocrx_word' id='word_1_125' title='bbox 483 1737 562 1807; x_wconf 80' lang='lat' dir='ltr'>Quid</span> <span class='ocrx_word' id='word_1_126' title='bbox 584 1739 649 1814; x_wconf 93' lang='lat' dir='ltr'>ipse</span> <span class='ocrx_word' id='word_1_127' title='bbox 672 1740 708 1798; x_wconf 94' lang='lat' dir='ltr'>de</span> <span class='ocrx_word' id='word_1_128' title='bbox 732 1758 786 1798; x_wconf 91' lang='lat' dir='ltr'>suo</span> <span class='ocrx_word' id='word_1_129' title='bbox 810 1757 899 1814; x_wconf 92' lang='lat' dir='ltr'>opere</span> <span class='ocrx_word' id='word_1_130' title='bbox 918 1737 1044 1797; x_wconf 89' lang='lat' dir='ltr'>senserit</span> <span class='ocrx_word' id='word_1_131' title='bbox 1061 1741 1155 1797; x_wconf 93' lang='lat' dir='ltr'>testa·</span> 
     </span>
     <span class='ocr_line' id='line_1_19' title="bbox 143 1821 1154 1902; baseline -0.002 -16"><span class='ocrx_word' id='word_1_132' title='bbox 143 1831 195 1886; x_wconf 90' lang='lat' dir='ltr'>tur</span> <span class='ocrx_word' id='word_1_133' title='bbox 213 1827 245 1885; x_wconf 92' lang='lat' dir='ltr'>in</span> <span class='ocrx_word' id='word_1_134' title='bbox 263 1827 300 1885; x_wconf 92' lang='lat' dir='ltr'>N.</span> <span class='ocrx_word' id='word_1_135' title='bbox 319 1827 357 1887; x_wconf 90' lang='lat' dir='ltr'>H.</span> <span class='ocrx_word' id='word_1_136' title='bbox 375 1826 563 1902; x_wconf 83' lang='lat' dir='ltr'>praefatione</span> <span class='ocrx_word' id='word_1_137' title='bbox 582 1825 602 1902; x_wconf 66' lang='grc' dir='ltr'>ἓ</span> <span class='ocrx_word' id='word_1_138' title='bbox 620 1830 673 1888; x_wconf 86' lang='lat'>15:</span> <span class='ocrx_word' id='word_1_139' title='bbox 698 1821 760 1886; x_wconf 74' lang='lat' dir='ltr'>‘res</span> <span class='ocrx_word' id='word_1_140' title='bbox 779 1826 874 1886; x_wconf 85' lang='lat' dir='ltr'>ardua</span> <span class='ocrx_word' id='word_1_141' title='bbox 892 1827 1018 1886; x_wconf 86' lang='lat' dir='ltr'>vetustis</span> <span class='ocrx_word' id='word_1_142' title='bbox 1036 1826 1154 1886; x_wconf 83' lang='lat' dir='ltr'>novita-</span> 
     </span>
     <span class='ocr_line' id='line_1_20' title="bbox 143 1916 1155 1993; baseline -0.001 -18"><span class='ocrx_word' id='word_1_143' title='bbox 143 1919 206 1975; x_wconf 91' lang='lat' dir='ltr'>tem</span> <span class='ocrx_word' id='word_1_144' title='bbox 229 1916 313 1992; x_wconf 79' lang='lat' dir='ltr'>dare,</span> <span class='ocrx_word' id='word_1_145' title='bbox 335 1916 421 1975; x_wconf 86' lang='lat' dir='ltr'>novis</span> <span class='ocrx_word' id='word_1_146' title='bbox 445 1916 667 1990; x_wconf 86' lang='lat' dir='ltr'>auctoritatem,</span> <span class='ocrx_word' id='word_1_147' title='bbox 690 1916 834 1975; x_wconf 91' lang='lat' dir='ltr'>obsoletis</span> <span class='ocrx_word' id='word_1_148' title='bbox 857 1916 998 1993; x_wconf 90' lang='lat' dir='ltr'>nitorem,</span> <span class='ocrx_word' id='word_1_149' title='bbox 1022 1916 1155 1975; x_wconf 91' lang='lat' dir='ltr'>obscuris</span> 
     </span>
     <span class='ocr_line' id='line_1_21' title="bbox 144 2004 1155 2082; baseline 0 -19"><span class='ocrx_word' id='word_1_150' title='bbox 144 2005 251 2080; x_wconf 86' lang='lat' dir='ltr'>lucem,</span> <span class='ocrx_word' id='word_1_151' title='bbox 275 2004 420 2064; x_wconf 89' lang='lat' dir='ltr'>fastiditis</span> <span class='ocrx_word' id='word_1_152' title='bbox 443 2005 586 2082; x_wconf 80' lang='lat' dir='ltr'>gratiam,</span> <span class='ocrx_word' id='word_1_153' title='bbox 610 2005 709 2064; x_wconf 88' lang='lat' dir='ltr'>dubiis</span> <span class='ocrx_word' id='word_1_154' title='bbox 731 2004 821 2064; x_wconf 91' lang='lat' dir='ltr'>fidem</span> <span class='ocrx_word' id='word_1_155' title='bbox 845 2051 1037 2066; x_wconf 92' lang='grc'><strong>.......</strong></span> <span class='ocrx_word' id='word_1_156' title='bbox 1060 2005 1155 2064; x_wconf 89' lang='lat' dir='ltr'>Nobis</span> 
     </span>
     <span class='ocr_line' id='line_1_22' title="bbox 143 2093 1154 2171; baseline 0.001 -20"><span class='ocrx_word' id='word_1_157' title='bbox 143 2093 247 2171; x_wconf 88' lang='lat' dir='ltr'>itaque</span> <span class='ocrx_word' id='word_1_158' title='bbox 263 2093 356 2153; x_wconf 92' lang='lat' dir='ltr'>etiam</span> <span class='ocrx_word' id='word_1_159' title='bbox 369 2113 429 2153; x_wconf 90' lang='lat' dir='ltr'>non</span> <span class='ocrx_word' id='word_1_160' title='bbox 443 2094 594 2153; x_wconf 88' lang='lat' dir='ltr'>adsecutis</span> <span class='ocrx_word' id='word_1_161' title='bbox 608 2095 739 2154; x_wconf 84' lang='lat' dir='ltr'>voluisse</span> <span class='ocrx_word' id='word_1_162' title='bbox 753 2095 872 2153; x_wconf 89' lang='lat' dir='ltr'>abunde</span> <span class='ocrx_word' id='word_1_163' title='bbox 889 2095 1048 2170; x_wconf 88' lang='lat' dir='ltr'>pulchrum</span> <span class='ocrx_word' id='word_1_164' title='bbox 1062 2097 1154 2171; x_wconf 87' lang='lat' dir='ltr'>atque</span> 
     </span>
     <span class='ocr_line' id='line_1_23' title="bbox 144 2183 1155 2261; baseline -0.001 -19"><span class='ocrx_word' id='word_1_165' title='bbox 144 2183 337 2261; x_wconf 83' lang='lat' dir='ltr'>magnificum</span> <span class='ocrx_word' id='word_1_166' title='bbox 361 2187 415 2243; x_wconf 90' lang='lat' dir='ltr'>est</span> <span class='ocrx_word' id='word_1_167' title='bbox 449 2183 600 2261; x_wconf 81' lang='lat' dir='ltr'>Equidem</span> <span class='ocrx_word' id='word_1_168' title='bbox 618 2184 663 2243; x_wconf 86' lang='lat' dir='ltr'>ita</span> <span class='ocrx_word' id='word_1_169' title='bbox 681 2184 778 2244; x_wconf 90' lang='lat' dir='ltr'>sentio</span> <span class='ocrx_word' id='word_1_170' title='bbox 797 2184 1005 2261; x_wconf 88' lang='lat' dir='ltr'>peculiarem</span> <span class='ocrx_word' id='word_1_171' title='bbox 997 2205 1029 2243; x_wconf 92' lang='lat' dir='ltr'>m</span> <span class='ocrx_word' id='word_1_172' title='bbox 1048 2184 1155 2244; x_wconf 91' lang='lat' dir='ltr'>studiis</span> 
     </span>
     <span class='ocr_line' id='line_1_24' title="bbox 144 2273 1156 2351; baseline -0.001 -20"><span class='ocrx_word' id='word_1_173' title='bbox 144 2291 267 2332; x_wconf 88' lang='lat' dir='ltr'>causam</span> <span class='ocrx_word' id='word_1_174' title='bbox 294 2293 398 2333; x_wconf 90' lang='lat' dir='ltr'>eorum</span> <span class='ocrx_word' id='word_1_175' title='bbox 427 2291 490 2332; x_wconf 92' lang='lat' dir='ltr'>esse</span> <span class='ocrx_word' id='word_1_176' title='bbox 518 2273 572 2351; x_wconf 92' lang='lat' dir='ltr'>qui</span> <span class='ocrx_word' id='word_1_177' title='bbox 603 2273 836 2335; x_wconf 90' lang='lat' dir='ltr'>difficultatibus</span> <span class='ocrx_word' id='word_1_178' title='bbox 868 2274 957 2336; x_wconf 80' lang='lat' dir='ltr'>victis</span> <span class='ocrx_word' id='word_1_179' title='bbox 988 2273 1156 2334; x_wconf 89' lang='lat' dir='ltr'>utilitatem</span> 
     </span>
     <span class='ocr_line' id='line_1_25' title="bbox 146 2362 1155 2441; baseline 0.001 -23"><span class='ocrx_word' id='word_1_180' title='bbox 146 2362 271 2423; x_wconf 82' lang='lat' dir='ltr'>iuuandi</span> <span class='ocrx_word' id='word_1_181' title='bbox 303 2363 504 2438; x_wconf 84' lang='lat' dir='ltr'>praetulerint</span> <span class='ocrx_word' id='word_1_182' title='bbox 531 2364 649 2441; x_wconf 84' lang='lat' dir='ltr'>gratiae</span> <span class='ocrx_word' id='word_1_183' title='bbox 676 2364 815 2440; x_wconf 89' lang='lat' dir='ltr'>placendi</span> <span class='ocrx_word' id='word_1_184' title='bbox 846 2363 1031 2441; x_wconf 90' lang='lat' dir='ltr'>idqueiam</span> <span class='ocrx_word' id='word_1_185' title='bbox 968 2368 1092 2422; x_wconf 81' lang='lat' dir='ltr'>iamet</span> <span class='ocrx_word' id='word_1_186' title='bbox 1124 2363 1155 2419; x_wconf 90' lang='lat' dir='ltr'>in</span> 
     </span>
     <span class='ocr_line' id='line_1_26' title="bbox 145 2446 570 2526; baseline 0.003 -18"><span class='ocrx_word' id='word_1_187' title='bbox 145 2451 213 2508; x_wconf 88' lang='lat' dir='ltr'>aliis</span> <span class='ocrx_word' id='word_1_188' title='bbox 237 2451 408 2525; x_wconf 88' lang='lat' dir='ltr'>operibus</span> <span class='ocrx_word' id='word_1_189' title='bbox 399 2469 464 2526; x_wconf 90' lang='lat' dir='ltr'>1pse</span> <span class='ocrx_word' id='word_1_190' title='bbox 487 2446 570 2510; x_wconf 86' lang='lat' dir='ltr'>feci&#39;.</span> 
     </span>
    </p>
   </div>
   <div class='ocr_carea' id='block_1_3' title="bbox 212 2572 690 2652">
    <p class='ocr_par' dir='ltr' id='par_1_4' title="bbox 212 2572 690 2652">
     <span class='ocr_line' id='line_1_27' title="bbox 212 2572 690 2652; baseline 0.002 -20"><span class='ocrx_word' id='word_1_191' title='bbox 212 2572 419 2652; x_wconf 82' lang='lat' dir='ltr'>Groningae</span> <span class='ocrx_word' id='word_1_192' title='bbox 438 2595 476 2632; x_wconf 90' lang='lat' dir='ltr'>m.</span> <span class='ocrx_word' id='word_1_193' title='bbox 496 2575 573 2652; x_wconf 81' lang='lat' dir='ltr'>Aug.</span> <span class='ocrx_word' id='word_1_194' title='bbox 595 2577 690 2634; x_wconf 74' lang='lat'>1894.</span> 
     </span>
    </p>
   </div>
   <div class='ocr_carea' id='block_1_4' title="bbox 0 0 1244 3914">
    <p class='ocr_par' dir='ltr' id='par_1_5' title="bbox 0 0 1244 3914">
     <span class='ocr_line' id='line_1_28' title="bbox 0 0 1244 3914; baseline 0 0"><span class='ocrx_word' id='word_1_195' title='bbox 0 0 1244 3914; x_wconf 95' lang='lat' dir='ltr'> </span> 
     </span>
    </p>
   </div>
  </div>
 </body>
</html>
