2476 3914
346 190 388 245 De
407 189 501 244 dubiis
519 189 669 259 generibus
689 192 718 244 et
735 190 866 246 numeris.
1068 191 1109 255 67

95 363 167 404 cum
185 343 230 402 ait
247 343 456 415 vulnificusque
474 342 591 415 chclyps
608 346 693 401 rauna
712 343 831 414 fornace
849 343 984 415 ltpaesclt.
1003 343 1110 401 thorax

96 437 210 508 autam,
234 449 303 490 cum
326 431 366 491 sit
389 429 546 507 Graecum,
569 430 616 489 his
640 431 799 490 admisceri
821 450 881 490 non
905 430 1002 489 debet.

165 520 216 580 Oh.
234 523 284 596 71,
299 521 340 578 27
359 521 491 580 Forum
508 523 617 579 neutro
637 539 745 598 genere
764 519 891 578 dicimus
905 520 1006 579 locum
1020 521 1109 579 rebus

95 609 222 689 agendis
245 608 431 668 destinatum
453 603 546 686 <vel>
569 626 638 667 cum
662 609 873 668 commercium
891 608 1108 686 significamus3

97 704 130 760 et
152 697 288 757 Lucilius
312 715 376 756 cam
394 699 439 757 illi
457 699 524 770 fora
543 699 628 757 irunt.
662 698 827 757 masculine
847 700 950 756 autem
969 697 1110 757 tabulata
1137 716 1150 757 5

96 788 230 864 navium,
250 789 281 845 et
300 804 417 863 semper
434 786 603 863 pluraliter,
623 787 761 863 quamvis
776 786 892 846 Gellius
906 787 972 845 fora
986 787 1110 847 navium

97 876 279 936 neutraliter
297 875 406 934 dixerit
425 879 456 934 et
468 873 605 934 Lucilius
624 876 816 953 negotiorum
833 877 932 936 forum
949 875 1110 934 masculini

97 964 241 1025 extulerit
263 963 340 1024 libro
359 963 419 1036 III,
442 965 526 1037 foras
544 966 612 1023 olim
630 970 751 1025 mactus
770 967 894 1025 lucernis
912 957 1003 1044 (Non.
1020 957 1109 1044 206).

163 1053 199 1113 K.
222 1053 251 1111 V
275 1055 348 1131 579,
373 1055 392 1111 2
425 1053 539 1112 Frons
567 1054 686 1129 generis
713 1055 865 1130 feminini,
892 1058 928 1114 ut
954 1053 1108 1131 Vergilius

97 1145 193 1218 fronte
214 1143 267 1202 sub
290 1143 414 1202 measa
438 1133 529 1222 (Non.
549 1134 637 1224 204).
858 1232 860 1237 A
1122 1163 1149 1203 ro

585 1305 615 1359 G

163 1408 214 1469 Oh.
235 1411 286 1487 80,
307 1412 325 1468 5
351 1409 503 1468 Galeros
525 1408 680 1485 Vergilius
703 1408 868 1468 masculino
892 1427 1000 1485 genere
1024 1408 1108 1486 dixit,

95 1500 247 1572 fulvosque
270 1500 332 1573 lupi
354 1500 389 1558 dc
409 1499 486 1572 pelle
506 1499 633 1571 pulcros,
656 1501 686 1556 et
705 1495 860 1556 Cornelius
880 1496 1008 1555 Severus
1031 1500 1108 1569 staec

89 1591 258 1662 protereret
279 1605 333 1647 ora
352 1589 461 1660 patero.
494 1586 546 1645 sed
565 1584 596 1644 G.
617 1583 769 1645 Gracchus
788 1587 871 1662 apud
889 1603 1025 1645 censores
1044 1603 1108 1645 cam

92 1677 212 1750 paleare
232 1679 324 1736 ursui
346 1675 435 1752 dixit,
458 1675 555 1734 Varro
579 1676 615 1734 de
639 1675 758 1735 actione
782 1675 899 1735 scenica
916 1674 947 1733 H
968 1675 1037 1735 tuce
1054 1694 1106 1749 pa·
1121 1696 1148 1738 ra

95 1767 197 1825 locria.
229 1765 309 1825 unde
333 1767 364 1823 et
387 1764 553 1842 galericula
576 1765 726 1827 dicuntur.

162 1852 350 1932 Oh.104,9
382 1851 551 1930 Gausapa
579 1852 703 1915 Ovidius
731 1854 911 1914 neutraliter
938 1855 1014 1913 dixit
1034 1872 1107 1928 you·

96 1961 172 2018 supa
194 1945 221 2002 si
243 1947 379 2017 sumpsit,
403 1961 540 2016 pausopu
561 1949 689 2022 sumpto,
718 1947 749 2002 et
772 1943 892 2003 Cassius
916 1942 1045 2004 Severus
1069 1942 1107 2000 ad

94 2031 302 2091 Maecenatem
330 2050 463 2106 caesapo
488 2050 640 2105 purpureo
668 2034 820 2092 salutatus.
866 2032 918 2090 sed
945 2031 1104 2108 Augustus

93 2121 126 2179 in
145 2123 327 2180 testamento
340 2137 494 2195 quasapee,
514 2121 616 2179 lodices
631 2138 798 2194 purpureos
817 2115 821 2196 Ι
842 2124 868 2178 et
881 2121 1004 2178 solorius
1016 2137 1104 2178 meus.
1120 2142 1147 2181 so

57 2218 60 2223 ’
94 2209 191 2269 Varro
224 2213 326 2269 autem
354 2209 398 2268 ait
425 2208 573 2270 vocabula
602 2227 637 2267 ex
661 2205 934 2284 Graeco'sumpta,
963 2207 988 2266 si
1016 2226 1106 2267 suum

95 2317 190 2377 genus
217 2317 277 2357 non
299 2299 464 2374 retineant,
492 2317 527 2356 ex
554 2297 720 2357 masculino
743 2297 775 2355 in
797 2296 975 2355 femininum
998 2297 1105 2355 Latine

93 2387 223 2465 transire
256 2391 288 2446 et
319 2406 338 2447 c
369 2387 475 2446 littera
505 2386 675 2464 terminari,
707 2386 791 2445 velut
826 2383 943 2463 κοχλίας
976 2385 1105 2463 cochlea,

90 2471 202 2556 Ἑρμῆς
220 2476 332 2554 herma,
355 2474 462 2555 χάρτης
481 2475 594 2553 charta,
616 2494 687 2553 ergo
706 2473 860 2554 γαυσάπης
880 2492 1024 2552 gausapa.
1056 2475 1105 2533 cui

94 2566 199 2642 generi
227 2565 426 2643 elegantiores
453 2563 635 2624 addiderrmt
661 2564 884 2641 necessitatem,
911 2567 947 2622 ut
971 2563 1104 2624 dicerent
1118 2584 1145 2626 aa

94 2655 229 2714 tunicam
252 2672 430 2732 gausapam,
459 2652 539 2730 quod
567 2653 716 2730 quomodo
740 2653 891 2713 diceretur
913 2655 1021 2714 merito
1044 2674 1104 2714 non

166 2882 200 2930 12
218 2877 367 2948 galeros]
393 2883 426 2930 14
445 2894 505 2931 cum
527 2877 617 2947 palere
634 2877 721 2931 urrici
739 2875 765 2929 N
789 2875 849 2930 sine
867 2875 953 2931 dubio
973 2880 1105 2946 corrupta

95 2951 172 3018 sunt;
191 2948 256 3003 vide
273 2947 360 3002 Keilii
377 2950 441 3002 adn.

165 3132 181 3179 3
200 3125 320 3197 iorum]
339 3125 425 3180 Plinii
442 3129 557 3196 propter
571 3125 657 3181 Gellii
675 3142 767 3180 rerum
786 3124 930 3195 scriptoris
943 3140 1053 3178 nornen.
1069 3157 1102 3166 —

95 3203 127 3250 12
148 3197 297 3269 galeros]
322 3213 417 3251 omnes
440 3197 497 3252 loci
520 3197 641 3254 (tornelli
661 3196 755 3252 Severi
777 3197 890 3251 nomine
914 3194 1006 3250 ornati
1027 3196 1103 3264 apud

94 3268 253 3323 charisium
275 3271 305 3322 et
322 3268 487 3323 Diomedem
504 3269 590 3324 Plinii
613 3270 685 3325 sunt.
722 3268 869 3323 Accedunt
889 3266 1053 3321 testimonia
1074 3266 1102 3322 C.

95 3339 215 3394 Gracchi
234 3341 263 3394 et
276 3339 408 3394 Varronis
428 3339 473 3409 (da
492 3340 650 3395 actionibus
671 3339 812 3410 scenicis),
832 3341 864 3392 ut
882 3338 917 3390 de
935 3336 1020 3390 Plinii
1038 3337 1103 3391 doc-

92 3411 185 3464 trinae
213 3409 365 3480 speoimine
392 3427 449 3466 non
471 3411 658 3466 dubitandum
681 3411 726 3467 sit.
755 3443 788 3451 -
817 3416 850 3464 17
873 3409 1039 3480 gausapa]
1068 3409 1102 3464 of.

93 3481 180 3537 Prisc.
195 3487 256 3552 333,
271 3486 347 3551 deq,
367 3481 416 3550 qui
429 3483 611 3537 recentiorem
626 3485 769 3538 auctorem
784 3480 916 3551 sequitur,
932 3495 1103 3548 quamquam

93 3552 140 3606 hic
156 3556 253 3608 auctor
266 3552 404 3624 Pliniana,
424 3570 496 3622 quae
511 3553 653 3609 Charisius
671 3554 690 3611 l.
700 3554 719 3612 1.
729 3553 855 3624 praebet,
870 3551 927 3608 suis
942 3549 1102 3608 immiscuit.

806 3644 944 3697 .„
