2476 3914
95 167 174 222 XXII
383 166 633 222 commentariolus
651 165 820 237 isagogieus.

167 310 368 365 Verumtamen
385 308 466 363 varia
489 309 684 363 (15511155151
706 309 874 379 scriptorum
896 309 1020 378 undique
1044 325 1109 364 oon-

96 392 178 458 gesta
196 388 319 458 vestigia
337 389 510 458 singulorum
529 389 600 444 adeo
620 387 734 459 delevit,
752 391 785 443 ut
803 390 878 457 quod
896 405 971 444 nove
988 389 1111 444 fontium

98 469 292 523 Plinianorum
311 469 393 539 eopia
417 468 520 522 lucrati
543 485 603 523 5555
627 467 808 535 arbitramur,
831 469 862 521 id
884 469 992 523 ineerta
1016 473 1113 526 aucto·

97 549 183 604 ritate
211 549 383 604 amittamus.
420 549 541 603 Restant
567 551 714 618 praeterea
738 548 830 602 fontes
858 565 1060 618 anonymorum
1084 553 1114 604 51

99 630 221 685 minores
240 634 273 685 51
285 629 371 684 Probi
384 628 579 683 Institutiones
595 631 638 697 (K.
652 629 710 699 IV),
724 632 757 682 ut
774 628 866 683 libelli
881 629 915 684 de
934 629 1046 684 nomine
1066 647 1112 684 ex·

97 711 194 779 cerpta
213 711 256 781 (K.
276 710 315 766 IV
333 712 409 779 207),
433 707 515 777 frgm.
539 707 678 763 Bobiense
701 709 736 762 (15
758 709 871 763 5515155
895 713 923 764 51
945 710 1111 780 pronomine

96 789 141 860 (K.
160 791 186 845 V
205 795 281 862 555),
311 790 346 843 de
374 788 468 842 dubiis
496 787 657 842 nominibus
675 787 719 858 (K.
739 789 764 843 V
783 791 857 859 571),
885 789 938 842 Α15
961 790 1112 844 Bernensis

96 871 210 939 (Aneod.
224 870 279 925 Hel
299 872 325 939 .),
344 867 454 922 Placidi
472 868 584 938 glossae
599 871 637 937 (p.
648 870 702 938 42),
720 868 860 938 praefatio
875 868 967 938 operis
982 869 1112 939 Gregorii

96 949 265 1005 Turonensis
284 951 322 1018 (p.
337 952 392 1019 42),
410 947 534 1002 Audacia
554 948 685 1016 excerpta
703 948 746 1018 (K.
765 948 834 1018 Vll).

168 1108 340 1173 Quieverunt
366 1107 458 1163 multa
485 1108 599 1162 saecula
625 1107 762 1176 reliquiae
790 1108 937 1163 Plinianae
965 1109 1111 1179 dispersae

95 1204 184 1257 nsque
217 1189 254 1242 ad
284 1190 381 1243 nostra
408 1191 543 1257 tempora.
586 1187 794 1244 Grammaticus
822 1189 956 1257 antiquae
985 1189 1111 1244 studium

95 1267 242 1323 Lersohius
261 1267 450 1338 resuscitavit,
469 1267 548 1323 cuius
567 1284 653 1338 opera
672 1270 700 1321 51
718 1267 804 1321 Plinii
821 1268 942 1323 Secundi
960 1269 1063 1324 merita
1080 1270 1110 1324 in

95 1347 157 1402 luce
186 1346 243 1402 sint
270 1347 409 1403 collocata
437 1346 735 1418 (Spraohphilosophie
767 1349 817 1404 der
843 1349 929 1404 Alton
960 1351 973 1403 1
1005 1368 1032 1419 p.
1048 1355 1108 1421 180,

94 1427 121 1481 H
141 1430 211 1498 158).
248 1428 325 1494 Quae
354 1427 448 1483 studia
476 1430 572 1482 tamen
594 1429 692 1483 florere
718 1428 893 1499 incipiebant
917 1430 979 1483 tum
998 1430 1110 1484 demum

96 1526 159 1562 cum
182 1507 361 1577 grammatici
382 1507 468 1564 latini
486 1508 559 1563 curis
573 1509 672 1579 Keilii,
690 1509 810 1580 Hertaii,
828 1509 940 1580 Hageni
958 1509 998 1564 sic
1016 1510 1110 1579 prodi·

95 1588 177 1658 bant,
206 1591 239 1642 ut
261 1584 407 1643 doctoruin
430 1588 675 1656 disquisitionibus
700 1607 858 1645 succurrere
880 1593 996 1659 possent
1018 1592 1110 1660 supel-

98 1668 193 1723 lectile
216 1667 315 1722 critica
338 1668 472 1722 adiuncta
489 1669 714 1737 praefationibus
733 1668 883 1736 inquibus
902 1668 937 1722 de
956 1669 1110 1740 codicibus,

95 1748 130 1802 de
149 1747 311 1802 auctoribus
330 1747 449 1814 aliisque
468 1747 551 1801 rebus
571 1747 732 1816 disputatur
749 1747 920 1816 praemissis.

165 1827 206 1882 De
220 1825 307 1881 Plinii
320 1825 401 1880 libris
415 1826 521 1895 primus
540 1826 696 1896 disputavit
705 1827 836 1882 Alfredus
848 1826 1107 1901 Schottmuellerus,

97 1908 128 1961 in
146 1905 345 1961 dissertatione
364 1905 538 1960 Berolinensi
558 1923 583 1961 5.
603 1910 680 1977 1858,
700 1906 749 1974 qui
767 1908 918 1977 postquam
937 1907 971 1960 de
991 1908 1110 1965 diversis

95 1985 216 2042 Charisii
233 1984 359 2040 fontibus
378 1983 467 2039 fusius
486 1984 559 2039 dixit
582 1986 628 2056 (de
646 1986 814 2042 Palaemone
839 1985 966 2056 erravit),
991 2003 1008 2039 5
1031 2007 1056 2056 p.
1073 1996 1107 2043 32

94 2067 181 2121 Plinii
202 2065 338 2135 reliquias
362 2066 437 2135 apud
461 2064 619 2120 Charisium
641 2067 654 2120 I
673 2071 706 2120 17
731 2065 884 2136 diligenter
906 2066 1056 2136 perpendit
1079 2071 1108 2120 et

95 2149 130 2203 de
158 2146 275 2202 oonsilio
303 2149 332 2203 et
360 2145 457 2201 ordino
483 2145 605 2200 maxime
632 2144 700 2200 libri
727 2145 766 2200 Vl
793 2145 873 2200 dubii
901 2145 1035 2200 sermonis
1062 2147 1108 2217 ((15

94 2228 202 2284 ultimis
220 2227 365 2283 nominum
384 2226 502 2299 syllabis
521 2231 550 2283 51
569 2225 805 2283 declinationibus
824 2228 930 2296 eorum)
944 2225 1027 2280 valde
1045 2244 1109 2296 pro·

93 2309 203 2363 babilis
221 2308 251 2362 in
275 2309 399 2364 medinm
423 2308 538 2378 profert.
576 2307 743 2365 Obseruauit
766 2308 892 2362 ordinem
914 2309 1056 2376 quendam
1080 2308 1109 2360 in

94 2388 186 2443 titulis
197 2388 334 2443 Plinianis
349 2389 386 2441 ad
401 2405 482 2443 casus
497 2388 623 2458 singulos
638 2387 772 2458 digestos,
786 2404 870 2455 quem
884 2387 1037 2442 altomano
1052 2388 1110 2441 fere

94 2468 236 2536 integrum
258 2468 388 2521 relietum
411 2483 473 2522 5555
496 2467 556 2522 1515
580 2468 722 2535 autumat,
745 2467 820 2520 unde
844 2467 963 2535 apparet
981 2467 1108 2522 Romano

94 2546 181 2600 Plinii
202 2546 306 2599 librum
325 2546 364 2600 VI
387 2545 423 2599 ob
449 2546 544 2600 oonlos
571 2548 714 2600 versatum
742 2561 811 2600 esse.
850 2544 911 2610 Qua
937 2544 985 2599 via
1012 2562 1109 2601 omnes

95 2623 317 2693 observationes,
337 2640 410 2692 quae
433 2624 470 2677 ad
494 2623 660 2678 ablativum⁴
675 2640 771 2678 casum
794 2623 865 2693 sing.
884 2640 959 2679 num.
979 2629 1004 2680 3.
1024 2625 1109 2680 decli-

93 2703 217 2758 nationis
237 2707 368 2774 speotant
381 2703 473 2758 Plinio
493 2702 625 2759 attribuit
644 2703 707 2773 (ll.
725 2721 753 2772 p.
769 2708 803 2757 35
814 2708 875 2770 sq).
904 2703 999 2757 Verba
1014 2709 1108 2760 autem

93 2783 157 2852 ipsa
176 2799 193 2836 a
212 2782 304 2836 Plinio
323 2781 431 2837 tradita
454 2799 516 2837 esse
538 2784 633 2851 negat.
670 2783 774 2837 Verum
798 2798 858 2837 esse
881 2784 1003 2838 concedo
1022 2786 1108 2840 Plinii

93 2862 192 2917 titulos
212 2861 377 2931 plerumque
396 2879 456 2918 esse
480 2864 618 2932 mutatos,
641 2861 745 2916 multos
767 2861 844 2916 locos
866 2864 963 2917 tamen
985 2866 1109 2935 vestigia

93 2942 241 2997 Plinianae
260 2941 376 3012 originis
395 2942 544 2997 retinuisse
564 2959 597 2998 ex
616 2940 825 3011 comparatione
840 2944 890 2996 aut
909 2942 1043 2998 similium
1059 2948 1108 3000 aut

95 3040 188 3077 eorum
203 3021 360 3093 titulorum,
379 3021 475 3091 quiex
490 3023 587 3077 eodem
602 3024 716 3076 auctore
731 3021 866 3091 descripti
880 3039 941 3078 esse
955 3030 1107 3095 nequeunt,

95 3104 195 3159 elucet.
232 3102 340 3156 Plinius
358 3102 405 3157 vel
422 3101 453 3156 in
470 3101 603 3157 laceratis
622 3100 788 3173 fragmentis
807 3119 863 3155 non
886 3103 971 3173 plane
989 3104 1105 3159 interiit.

95 3183 235 3240 Discimus
263 3199 280 3236 a
306 3182 541 3237 Schottmuellero
564 3184 601 3252 (p.
616 3184 661 3251 39)
688 3196 783 3235 515555
809 3181 921 3253 titulos,
946 3183 976 3237 in
1003 3182 1105 3250 quibus

95 3262 222 3320 Caesaris
242 3263 276 3316 de
295 3261 429 3333 analogia
447 3261 584 3316 librorum
602 3261 653 3315 fiat
670 3260 785 3331 mentio,
804 3278 820 3316 e
838 3262 929 3317 Plinio
952 3261 1105 3316 translatos

94 3361 229 3478 essem
247 3422 339 3477 minus
357 3421 428 3476 haec
447 3421 541 3476 studia
555 3421 687 3476 Pliniana
705 3422 865 3480 sublevavit
878 3421 1021 3490 Augustus
1035 3420 1106 3475 Wil-

93 3504 238 3558 mannsius
257 3503 288 3557 in
310 3501 384 3556 libro
408 3519 493 3572 supra
516 3502 642 3558 laudato.
680 3504 817 3576 Persaepe
841 3501 915 3559 enim
932 3499 1041 3554 Plinius
1064 3519 1106 3556 15-
