2476 3914
389 147 639 203 Commentariolus
657 147 825 219 isagogicus.
1045 147 1109 202 XIX

96 291 270 362 scribuntur,
293 291 346 346 hoe
369 291 453 345 titulo
477 290 566 345 utitur
593 290 638 344 ⁸1³.
661 290 692 345 in
714 289 798 345 tertio
818 288 887 344 artis
906 289 1108 360 grammaticae

95 373 193 428 libro'.
230 372 270 426 nt
286 371 362 425 idem
380 370 541 425 Priscianus
559 389 586 440 p.
603 375 655 424 594
673 370 755 426 dicit:
776 372 859 424 ‘teste
873 370 973 439 Plinio,
994 369 1042 438 qui
1055 369 1109 424 hoc

94 454 126 508 in
151 454 178 508 Il
208 451 343 507 sermonis
371 450 452 505 dubii
479 450 624 506 ostendit'.
661 450 745 504 Plinii
772 449 839 504 libri
867 449 946 504 dubii
974 450 1109 505 sermonis

95 532 203 588 centies
225 532 379 587 laudantur
406 549 424 586 a
447 530 588 601 charisio,
613 530 662 598 qui
684 529 745 600 ipse
768 546 802 584 ex
824 529 1025 584 vetustioribus
1049 530 1109 584 fon·

96 613 177 668 tibus
191 613 293 668 hausit.
321 611 375 668 Hic
389 612 489 666 titulus
504 611 625 665 maxime
639 610 768 680 congruit
782 627 845 664 cum
854 609 938 664 titulo
948 610 1033 664 Plinii
1042 610 1109 666 an-

98 692 161 747 eilii
175 692 319 761 epistulae,
333 696 365 748 ut
378 694 453 747 hunc
467 690 620 763 genuinum
634 707 694 745 esee
708 693 805 745 nostra
820 693 915 745 aetate
925 690 1016 744 adhuc
1025 707 1107 745 nemo

99 770 252 842 negaverit.
284 773 403 827 Accedit
421 774 497 840 quod
514 771 545 826 in
563 770 738 840 praefatione
757 770 791 825 H.
806 770 841 826 N.
860 787 916 824 non
933 769 995 840 ipse
1008 769 1108 823 titulus

102 852 153 920 est,
173 850 221 905 sed
238 852 330 905 solum
349 850 543 921 significantur
560 849 627 904 libri
645 850 769 920 quidam,
788 868 858 918 quos
877 851 912 904 de
925 848 1110 920 grammatica

101 928 196 986 edidit.
234 929 352 985 Constat
370 934 465 985 autem
483 931 686 1000 praefationem
705 930 784 986 illam
802 930 937 1000 scriptam
955 945 1016 985 esse
1035 945 1108 982 anno

100 1015 144 1079 7⁷3
173 1010 308 1080 quoniam
334 1011 518 1081 philosophos
542 1014 571 1067 et
593 1010 792 1082 grammaticos
814 1009 872 1063 iam
896 1011 993 1065 decem
1020 1025 1108 1064 annos

97 1093 195 1146 contra
213 1091 266 1145 hos
284 1091 371 1146 libros
389 1090 529 1160 parturire
547 1091 608 1162 ipse
627 1092 782 1162 profitetur,
802 1107 874 1146 anno
894 1096 928 1145 67
946 1091 1005 1146 fere
1021 1090 1108 1144 libros

94 1171 296 1241 grammaticos
323 1171 415 1227 editos
444 1186 504 1225 esse
531 1171 591 1226 veri
619 1171 710 1227 simile
738 1175 789 1227 est.
817 1171 879 1228 ie.
905 1172 973 1226 ‘sub
999 1171 1116 1226 Nerone

93 1250 257 1308 novissimis
277 1250 378 1307 annis’.

167 1332 263 1398 Atque
281 1333 350 1398 quot
368 1333 397 1385 et
416 1331 529 1399 quantis
547 1331 670 1403 negotiis
690 1332 849 1402 destrictus,
867 1335 936 1400 quot
954 1334 983 1385 et
1002 1334 1108 1398 quanta

94 1427 182 1480 opera
201 1409 346 1480 scripserit
357 1410 466 1466 Plinius
484 1428 541 1466 non
559 1411 729 1481 ignoramus.
754 1411 861 1466 Scimus
875 1411 999 1464 Plinium
1016 1413 1108 1464 totum

95 1491 171 1546 diem
189 1489 304 1559 legisse,
322 1493 414 1545 totum
432 1491 612 1562 excerpsisse,
631 1495 723 1546 totum
742 1491 935 1559 adnotaviss03
954 1506 1019 1544 eum
1036 1490 1109 1543 nihil

95 1570 201 1640 legisse
230 1571 306 1637 quod
332 1588 389 1625 non
417 1575 590 1641 excerperet,
616 1571 747 1626 arbitrari
760 1588 852 1626 -omne
874 1573 986 1639 tempus
1009 1569 1107 1640 perire,

97 1650 173 1720 quod
202 1648 306 1705 studiis
332 1668 388 1705 non
416 1650 631 1720 impenderetur.
668 1653 728 1706 Iam
755 1652 833 1707 mille
860 1651 996 1706 habemus
1027 1667 1109 1720 argu-

95 1734 205 1802 menta,
230 1730 332 1798 quibus
356 1731 542 1785 demonstrari
564 1733 659 1801 potest
678 1749 742 1786 eum
761 1749 795 1787 ex
814 1732 941 1801 quolibet
959 1731 1031 1786 libro
1050 1731 1108 1785 fere

96 1812 192 1866 omnia
210 1827 284 1880 quae
302 1810 458 1865 contineret
475 1828 580 1882 magna
602 1828 691 1880 parra
713 1813 876 1882 protrahere
899 1812 944 1866 vel
967 1812 994 1865 ei
1013 1828 1109 1865 sucum

97 1895 126 1946 et
144 1890 312 1962 sanguinem
330 1907 464 1960 exsugere
483 1891 599 1945 solitum
617 1908 690 1948 esse:
716 1892 905 1947 distribuebat
922 1891 1017 1961 igitur,
1036 1907 1109 1960 quae

96 1971 251 2039 invenerat,
270 1969 301 2024 in
320 1986 384 2024 suas
401 1986 529 2039 quaeque
549 1972 629 2026 sedes
648 1975 699 2027 aut
716 1972 809 2028 locum
828 1973 947 2027 eundem
962 1971 1108 2025 occasione

96 2051 196 2105 oblata
212 2054 275 2105 tum
293 2050 347 2104 hoc
365 2053 426 2103 tum
444 2050 492 2105 illo
508 2051 626 2106 consilio
641 2068 675 2106 ex
689 2051 795 2106 horreis
810 2052 1001 2120 depromebat.
1028 2048 1108 2114 Quod

98 2133 167 2184 ante
190 2128 284 2184 omnia
306 2129 383 2200 passi
407 2133 472 2184 sunt
493 2130 560 2184 libri
578 2131 747 2185 Varroniani
770 2131 843 2184 sicut
865 2133 894 2184 et
916 2127 1056 2196 Gruppius
1079 2127 1109 2180 in

97 2226 199 2264 comm.
216 2209 342 2264 Momms.
361 2228 389 2278 p.
405 2215 457 2264 550
476 2213 505 2264 01
524 2209 667 2265 Oichorius
690 2211 720 2264 in
743 2228 840 2265 comm.
860 2209 994 2263 Ribbeck.
1013 2226 1040 2277 p.
1055 2212 1108 2261 415

100 2287 239 2357 singulari
255 2289 411 2360 sagacitate
426 2290 697 2345 demonstraverunt.
725 2291 766 2345 De
780 2291 879 2344 eadem
891 2305 922 2342 re
935 2288 997 2356 ipse
1014 2287 1108 2357 dispu-

96 2369 159 2425 tavi
191 2367 220 2423 in
250 2368 328 2425 sud.
357 2369 494 2425 Gellianis
521 2389 548 2440 p.
564 2376 599 2424 30
626 2373 655 2425 et
686 2369 716 2423 in
746 2369 894 2439 Philologo
922 2368 956 2424 N.
976 2369 1005 2425 F.
1025 2368 1064 2422 VI
1083 2374 1108 2436 3,

95 2469 123 2520 p.
140 2454 288 2505 toa-513.
315 2448 348 2502 In
367 2449 402 2503 N.
418 2450 452 2506 H.
467 2451 571 2505 multas
585 2467 630 2505 res
643 2450 778 2504 Romanis
797 2449 940 2503 inauditas
955 2448 1107 2517 tractabat,

95 2529 201 2584 multas
229 2528 317 2585 etiam
344 2530 520 2599 peregrinas,
548 2548 635 2599 quam
662 2533 697 2586 ob
724 2548 783 2586 rem
810 2548 884 2586 nova
910 2530 1048 2585 vocabula
1078 2528 1109 2583 in

94 2610 215 2665 latinam
242 2609 370 2679 lingnam
398 2609 587 2680 introducere,
613 2611 677 2666 aliis
705 2629 792 2667 novas
816 2611 1035 2681 significationes
1057 2609 1110 2664 tri·

93 2690 181 2745 buere
204 2692 255 2744 aut
278 2705 313 2744 ex
335 2689 469 2759 analogia
492 2707 599 2759 eorum,
623 2708 696 2759 quae
718 2692 776 2746 iam
799 2710 851 2746 usu
878 2694 959 2746 erant
985 2693 1108 2760 recepta,

95 2769 153 2824 0110
175 2771 281 2839 fingere
305 2771 419 2823 coaetus
444 2773 494 2825 est.
533 2771 588 2824 Sed
610 2771 681 2824 haec
704 2788 768 2825 cum
791 2772 827 2824 ad
850 2787 909 2825 rem
934 2770 1108 2840 propositam

93 2849 167 2904 nihil
185 2849 307 2918 faciant,
332 2848 363 2902 in
380 2849 473 2903 medio
496 2850 638 2919 relinqu03
662 2867 834 2918 quamquam
856 2867 1056 2918 nonnunquam
1078 2851 1108 2903 in

95 2929 280 2984 discernendo
300 2929 335 2984 de
352 2928 506 2999 fragmenti
529 2930 647 2984 alicuius
667 2930 776 3000 origine
798 2948 855 2984 non
872 2947 959 2998 parvo
979 2935 1040 2984 erat
1059 2932 1108 2984 ad·

93 3008 229 3065 iumento.
266 3008 307 3064 De
330 3008 499 3078 lexicologia
520 3010 652 3065 Pliniana
679 3011 732 3064 hoc
755 3011 866 3065 saeculo
890 3029 961 3064 unus
985 3010 1108 3064 omnium

94 3089 203 3180 optime
218 3087 332 3158 scripsit
346 3091 476 3180 satisque
485 3107 619 3160 magnam
633 3090 750 3160 collegit
763 3090 912 3144 materiam
926 3089 1108 3144 Wannowslri

91 3169 123 3224 in
151 3170 362 3239 programmate
380 3169 524 3224 rarissimo
551 3188 645 3240 gymn.
674 3172 749 3239 quod
778 3170 904 3225 Posen
896 3189 926 3224 m
957 3170 1026 3223 urbe
1055 3171 1105 3237 est,

92 3265 118 3304 a
140 3253 219 3304 1847.
258 3247 325 3316 Qui,
348 3250 381 3302 ut
407 3249 492 3305 facile
520 3249 707 3321 intellegitur,
736 3251 808 3306 nihil
836 3251 915 3305 aliud
942 3248 998 3303 nisi
1020 3247 1108 3300 libros

90 3330 125 3385 N.
146 3329 182 3385 H.
206 3327 399 3399 investigavit.
436 3330 579 3384 Habemus
606 3348 680 3385 nunc
703 3330 837 3400 reliquias
863 3329 948 3384 etiam
972 3326 1108 3380 librorum

91 3407 359 3479 grammaticorum,
387 3408 438 3462 sed
464 3408 506 3463 ita
533 3410 667 3481 traditas,
696 3414 728 3466 ut
755 3411 824 3480 quid
846 3408 944 3476 Plinii,
968 3405 1036 3474 quid
1062 3422 1107 3461 ex·

94 3491 259 3558 cerptorum
278 3487 316 3543 sit
334 3488 499 3558 plerumque
521 3508 579 3545 non
600 3491 692 3559 possit
715 3489 844 3545 discerni.
880 3490 980 3557 Itaque
1001 3489 1112 3555 quanta

909 3595 948 3648 b*
