2476 3914
344 177 386 231 De
406 176 499 232 dubiis
517 177 667 247 generibus
687 179 716 232 et
733 176 863 232 numeris.
1065 177 1107 243 69

94 330 256 405 seererdus3
285 331 315 387 et
337 327 490 388 Pacuvius
513 329 544 388 in
567 329 664 406 Medo,
694 348 762 388 eum
786 329 957 388 ostenderet
979 347 998 387 a
1019 328 1107 389 Medo

95 420 226 478 matrem
249 417 362 494 quaeri,
386 417 432 477 ait
456 422 481 477 te
502 417 561 486 Sol,
584 421 684 477 ieooeo
705 423 738 477 ut
758 419 831 478 milri
846 423 1016 491 potestatem
1042 421 1109 478 duis

95 507 263 580 inquirendi
284 509 340 566 mei
357 509 499 580 pareretis.
533 507 585 566 sed
609 505 760 566 Gracchus
782 524 850 566 suos
867 511 1006 580 parentes
1028 511 1109 567 amul

96 615 168 656 eum
197 594 272 654 dicit
296 595 328 654 in
357 594 576 674 significatione
606 595 737 655 matris*
765 599 796 655 et
823 596 855 654 in
887 596 949 654 alia
976 596 1108 671 epistula

96 689 166 744 tuus
182 702 294 759 pareres
315 703 380 745 sura
399 685 452 763 ait,
476 703 544 744 oum
564 685 599 745 de
618 703 649 744 se
668 686 852 762 loqueretur.
884 688 915 744 et
933 685 1015 761 apud
1032 685 1107 744 Ver·
1134 701 1147 741 a

96 773 205 851 gilium
232 773 276 833 sio
302 773 433 852 legimus
463 792 552 848 ecque
578 779 674 834 temere
694 791 789 847 puero
816 778 857 833 est
883 776 1009 835 amissae
1036 792 1109 834 euro

91 863 248 937 pareretis?

165 948 217 1009 (lh.
239 951 310 1028 100,
330 952 372 1010 20
396 943 432 1032 (s.
452 971 480 1013 v.
499 944 605 1032 eliens)
628 996 635 1011 .
656 1000 662 1010 .
683 995 689 1010 .
712 952 846 1028 hospes
873 970 942 1011 oum
966 952 1007 1011 sit
1029 969 1107 1011 eorn-

95 1040 197 1098 munis
216 1039 342 1118 generis,
361 1039 482 1116 hospita
501 1060 620 1117 quoque
637 1041 756 1119 dieitur,
774 1045 811 1101 ut
823 1041 979 1120 Vergilius
993 1041 1107 1109 bellem,
1200 1084 1203 1089 »

97 1145 113 1187 o
137 1133 217 1188 terro
238 1129 364 1202 hospita
382 1133 495 1203 portas.
1122 1146 1149 1185 ro

589 1293 607 1348 1

142 1393 195 1456 Oh.
217 1397 288 1473 101,
310 1397 349 1454 17
373 1394 556 1454 Insomnia
580 1388 662 1473 (vide
686 1394 800 1454 subeo
824 1396 933 1494 eapite,
958 1396 1038 1472 quod
1062 1400 1108 1455 est

97 1485 133 1544 de
157 1483 256 1543 dubiis
279 1483 435 1544 nominum
457 1477 585 1564 formis).
1053 1497 1055 1501 ⁴

165 1571 218 1632 cu
239 1574 311 1652 100,
332 1575 372 1632 26
397 1571 521 1632 intiba
543 1575 650 1631 neutro
674 1590 783 1649 genere
806 1572 960 1650 Vergilius
984 1571 1059 1631 dixit
1082 1577 1108 1632 et

97 1665 210 1722 amoris
226 1663 319 1722 saroa
337 1663 429 1739 fibris,
449 1663 480 1720 et
496 1661 539 1719 sio
553 1661 643 1720 multi
658 1660 850 1720 eruditorum.
881 1662 933 1722 sed
947 1665 978 1721 et
991 1680 1107 1721 masou·
1122 1676 1148 1719 15

97 1751 160 1810 lino
183 1769 292 1828 genere
311 1751 486 1827 frequenter
504 1769 522 1808 a
541 1750 694 1809 veteribus
714 1750 827 1810 dietum
846 1754 900 1810 est.
932 1770 1001 1809 nam
1019 1750 1108 1810 Luci·

96 1840 156 1898 lius
184 1839 215 1897 in
242 1837 271 1895 V
306 1839 444 1898 deridens
480 1839 624 1898 rusticam
657 1857 761 1898 oenum
793 1840 975 1900 enumeratis
1002 1841 1108 1900 multis

97 1928 201 1987 herbis
215 1929 324 1988 toletus
332 1933 487 2002 marteres
494 1930 619 2003 pedibus
639 1925 644 2004 Ι
658 1932 819 2003 perserpsit
833 1933 951 2008 9901119,
967 1932 997 1988 91
1006 1930 1108 1989 Aemi-

96 2017 157 2077 lius
180 2017 281 2076 Maoer
303 2019 398 2092 qualis
421 2022 485 2091 apel
506 2019 624 2078 intubus
646 2019 748 2077 herbas
772 2010 862 2098 (Non.
884 2009 970 2098 209).

583 2179 611 2234 L
1121 2191 1149 2232 ao

165 2281 217 2342 ch.
238 2284 350 2361 103,4
382 2283 498 2341 Labra
525 2285 556 2341 et
587 2281 668 2340 labia
695 2281 868 2340 indistinete
896 2281 1049 2358 dicuntur,
1077 2285 1109 2341 et

98 2372 265 2432 deminutio
293 2371 417 2449 labella,
444 2391 504 2431 non
531 2371 643 2446 labiae,
674 2375 709 2430 ut
738 2369 859 2447 quidam
887 2371 1002 2431 volunt.
1038 2389 1106 2428 nam

96 2460 251 2538 Vergilius
262 2461 306 2520 ait
320 2463 430 2521 colurno
445 2463 557 2521 trivisse
571 2461 713 2519 lebedum.
731 2458 856 2518 Verrius
871 2460 974 2518 autem
982 2460 1108 2518 Flaccus

98 2551 141 2610 sio
164 2550 315 2627 distinxit,
342 2550 460 2609 modioa
483 2567 546 2608 esse
568 2549 668 2626 labra,
691 2548 773 2608 labia
795 2548 957 2625 inmodica,
986 2552 1017 2607 et
1038 2548 1107 2607 inde

97 2639 232 2698 labiones
260 2638 327 2697 diei.
364 2658 435 2697 nam
467 2642 498 2697 et
526 2638 685 2697 Terentius
714 2639 804 2697 labris
831 2640 961 2698 demissis
985 2655 1108 2715 perseus,
1122 2652 1149 2694 25

98 2732 130 2788 et
153 2728 280 2787 Plautus
304 2729 396 2787 labris
418 2729 487 2787 dum
510 2730 629 2787 ductant
651 2745 723 2786 eum.

167 2815 219 2876 Ch.
235 2818 308 2895 101,
325 2819 341 2875 1
358 2816 475 2894 Lange
489 2819 520 2875 et
533 2816 698 2893 largiter.
713 2816 809 2875 Iulius
824 2816 978 2876 Modestus
992 2819 1108 2875 utrum·

98 2925 157 2984 que
181 2909 262 2965 reete
280 2905 341 2963 dioi
359 2905 410 2975 ait,
431 2905 483 2964 sed
502 2906 586 2981 large
605 2923 669 2963 esse
689 2904 856 2981 qualitatis,
870 2905 997 2983 largiter
1015 2924 1108 2982 qnan-

97 2995 206 3055 titatis.
239 2993 317 3053 unde
336 2994 470 3053 nascitur
488 2993 614 3070 largitas
634 2994 682 3053 vel
705 2993 836 3078 largitio.
869 3013 938 3053 nam
955 2993 1109 3070 largitudo

97 3102 248 3162 nusquam
271 3083 426 3142 invenitur
447 3081 506 3141 nisi
530 3081 611 3158 apud
633 3081 791 3157 Nepotem.
1122 3095 1149 3136 ao

166 3172 217 3232 Ch.
239 3173 318 3248 102,
339 3174 379 3230 12
413 3171 547 3230 Latera
574 3169 653 3229 lardi
679 3169 788 3231 vitiose
817 3170 884 3246 quis
912 3169 993 3230 dioit.
1035 3168 1108 3227 satis

96 3311 311 3329 -ψ--υσ-

62 3408 88 3415 ·“
133 3400 204 3454 ...ar
220 3394 332 3466 labra]
352 3393 460 3449 Keilins
484 3391 643 3449 adnotavit:
672 3394 784 3449 ‘labiis’
810 3393 882 3462 quod
903 3390 970 3446 libri
990 3389 1110 3445 Terentii

231 3466 369 3537 ff-Mbrnt,
391 3466 518 3521 Verrium
540 3465 655 3520 voluisse
678 3467 808 3535 adparet;
829 3464 887 3517 nisi
909 3462 1041 3533 quaedam
1062 3477 1108 3515 err·

317 3554 343 3595 o.
364 3537 464 3606 ‘dicia
482 3538 580 3607 quibus
604 3536 695 3593 Verrii
717 3536 852 3592 seeteetiu
874 3534 1022 3605 inprobato
1044 3534 1111 3600 fuit.
