2476 3914
394 193 609 250 Adnotationes.
644 193 686 249 De
704 193 816 250 litteris.
1064 195 1106 260 83

95 346 216 421 Itaque,
241 346 267 404 si
289 346 320 403 in
347 344 433 404 libris
462 344 547 405 dubii
576 345 721 404 sermonis
748 345 847 405 multa
874 365 910 404 ex
933 344 984 406 (ln.
1010 346 1107 406 Gellio

95 454 164 493 eum
187 435 323 493 hausisse
347 438 486 511 apertum
510 437 568 511 est,
592 435 629 493 de
655 435 766 494 litteris
790 454 859 494 eum
887 436 991 495 eodem
1014 454 1105 495 usum

95 542 158 583 esse
178 525 300 582 auctore
320 525 393 583 satis
413 522 554 583 credibile
569 526 624 582 est.
657 523 683 581 Ε
698 523 792 581 Plinii
805 522 890 583 libris
905 555 949 566 —
963 544 1017 599 per
1031 543 1106 603 quos

94 614 210 671 factum
234 611 273 671 sit
295 613 469 688 ignoramus
488 612 688 687 -pervenit
715 613 788 673 haec
815 613 1045 673 narratiuncula
1066 614 1105 672 ad

94 701 265 761 Victorinus
281 704 312 760 et
324 701 479 761 Audacem
494 693 544 781 (K.
554 700 614 759 VH
627 695 713 779 325).
746 701 812 760 Iam
829 720 884 778 per
897 720 933 761 ea
946 703 1013 779 ipsa
1028 721 1105 780 quae

93 793 256 849 narrantur
277 791 342 851 veri
365 790 462 849 simile
486 793 533 849 est
555 791 631 850 hanc
649 791 817 850 doctrinam
835 810 895 850 non
914 810 950 849 ex
968 791 1105 850 fontibus

94 879 196 938 latinis
216 879 268 937 sed
287 898 323 937 ex
341 880 456 957 graecis
474 879 596 938 fluxisse
616 871 772 960 (Proehdc,
790 880 973 959 Anfangsgr.
994 901 1021 955 p.
1039 871 1104 959 99).

162 969 264 1044 Atque
287 969 348 1026 iam
376 969 481 1028 statim
507 968 667 1028 incidimus
694 969 726 1027 in
754 968 992 1029 observationem
1015 969 1107 1028 Plinii

94 1056 130 1116 de
160 1058 265 1116 littera
294 1059 316 1132 l,
345 1076 436 1133 quarn
459 1057 534 1117 satis
562 1057 711 1135 insignem
739 1076 804 1116 esse
831 1058 906 1118 etii
930 1059 982 1136 qui
1010 1058 1046 1118 de
1074 1077 1107 1118 re

93 1146 253 1221 phonetioa
267 1146 453 1223 scripserunt
467 1146 633 1206 concedunt
648 1137 824 1227 (Seelmann
833 1167 862 1223 p.
871 1142 960 1229 324).
983 1146 1107 1207 Certum
1146 1185 1148 1189 -

95 1239 141 1294 est
159 1235 341 1312 posteriores
361 1236 573 1314 grammaticos
592 1235 668 1294 hano
688 1235 866 1295 divisionem
886 1255 946 1296 non
963 1237 1104 1296 tenuisse.

93 1326 239 1383 Attamen
254 1343 331 1401 quae
341 1324 513 1383 Priscianus
527 1323 630 1399 tradit,
645 1343 681 1382 ea
691 1343 727 1383 err
736 1324 958 1400 antiquioribus
970 1325 1105 1385 fontibus

93 1411 158 1488 (per
172 1405 382 1494 Papirianum)
402 1413 556 1489 excerpsit.
579 1412 621 1471 Et
634 1413 723 1488 plura
740 1413 772 1471 iu
786 1413 842 1471 hac
857 1416 944 1488 parte
958 1413 1104 1473 Prisciani

93 1521 110 1560 a
129 1502 226 1560 Plinio
248 1502 385 1578 profecta
408 1520 472 1560 esse
495 1502 556 1561 iam
578 1504 710 1560 testatur
731 1501 928 1561 Neumannus
951 1523 979 1577 p.
995 1504 1046 1561 58.

160 1589 337 1651 Observatio
356 1590 449 1648 Plinii
467 1591 502 1649 dc
521 1589 676 1651 vocabulis
696 1583 855 1649 ‘laterale'
875 1609 914 1648 an
935 1584 1105 1669 ‘laterare',

94 1674 280 1756 ‘equalium'
304 1697 344 1738 an
368 1672 559 1756 ‘aquarium'
584 1678 717 1738 ostendit
742 1674 895 1738 interdum
923 1680 1105 1741 suavitatem

91 1768 208 1827 dicendi
228 1769 315 1845 quasi
332 1769 463 1828 iudicem
481 1768 534 1845 qui
552 1768 639 1827 litem
657 1768 780 1827 dirimat
794 1768 1102 1829 intercedere-debere

91 1855 140 1938 (cf.
161 1857 305 1936 Wolfflin,
328 1857 441 1918 Archiv
459 1857 511 1933 IV,
536 1857 584 1916 dic
607 1857 827 1917 Dissimilation
850 1858 903 1919 der
925 1859 1030 1918 littera
1053 1878 1102 1918 ca-

91 1949 162 2005 nina
184 1967 213 2022 p.
230 1938 295 2026 10).
327 1946 480 2006 Audiebat
497 1946 615 2005 Plinius
639 1965 745 2006 sonum
768 1947 936 2024 literarum,
955 1947 1104 2008 sentiebat

91 2056 120 2093 ce
138 2036 259 2094 literam
277 2037 421 2112 nasalem,
440 2038 510 2094 ante
530 2036 666 2094 dentales
685 2037 836 2095 dentalcm
854 2036 928 2113 fiori,
947 2038 1018 2095 ante
1034 2038 1104 2113 gut·-

91 2125 205 2182 turales
225 2124 414 2200 gutturalem
434 2116 567 2204 (agma);
585 2124 690 2199 itaque
709 2125 779 2182 ante
795 2122 921 2183 labiales
934 2145 955 2183 a
968 2125 1104 2184 litteram

91 2213 185 2271 nasal.
208 2211 274 2269 fieri
296 2210 438 2270 labialem
456 2230 493 2269 m.
533 2212 613 2270 Nam
634 2211 666 2268 in
684 2211 731 2272 his
749 2210 839 2271 rebus
856 2232 968 2291 magna
987 2232 1104 2289 semper

91 2301 151 2359 fuit
170 2299 328 2376 dissensi03
351 2303 388 2360 ut
406 2300 516 2359 Accius
535 2294 709 2378 ‘iggerunt'
729 2299 885 2376 scribebat,
906 2303 987 2378 quod
1005 2303 1102 2362 Varro

91 2410 151 2449 non
169 2388 320 2465 improbat
338 2380 444 2470 (Prisc.
456 2392 507 2466 30,
519 2380 616 2471 19)1).
654 2388 736 2447 Haec
756 2389 865 2466 studia,
883 2392 920 2449 ut
937 2391 982 2449 ita
1005 2391 1103 2450 dicam

92 2479 260 2554 phonetioa,
280 2496 349 2537 cum
372 2478 588 2556 orthographia
611 2480 698 2537 erant
721 2478 880 2537 coniuncta
899 2482 929 2538 et
948 2498 1017 2538 cum
1036 2482 1102 2556 ety-

90 2567 231 2644 mologia,
255 2569 292 2626 ut
315 2561 475 2643 ‘pecunia'
498 2586 553 2643 per
575 2585 590 2626 c
612 2585 671 2626 non
698 2586 754 2643 per
776 2587 794 2641 q
821 2567 1009 2627 scribendum
1038 2586 1102 2628 esse

91 2660 201 2716 censet.
247 2648 314 2736 (ch.
336 2660 408 2735 107,
432 2647 499 2738 33).
544 2656 650 2733 Neque
679 2675 698 2716 a
725 2675 806 2716 more
835 2655 926 2715 Plinii
953 2657 1103 2737 abhorret,

92 2747 173 2822 quod
192 2746 228 2804 de
248 2748 332 2805 statu
351 2746 568 2806 elementorum
582 2745 675 2805 etiam
693 2746 774 2821 apud
793 2745 869 2805 alias
888 2748 992 2824 gentes
1006 2747 1102 2807 Italas

92 2834 255 2910 [quaerebat
287 2829 393 2914 (Prisc.
414 2837 469 2912 26,
490 2826 556 2915 16).
596 2834 642 2894 De
664 2835 834 2894 mutatione
859 2825 1102 2916 (extenuatione)

92 2942 107 2981 o
131 2923 251 2981 litterae
274 2923 307 2981 in
329 2943 363 3001 cr,
386 2924 417 2982 in
440 2923 545 3001 primis
573 2923 604 2981 in
631 2922 691 2983 fine
718 2922 948 3002 vocabulorum,
975 2928 1042 2984 tum
1069 2924 1101 2983 in

91 3011 189 3069 media
210 3010 327 3088 syllaba
346 3013 418 3089 quid
437 3012 563 3072 senserit
581 3012 723 3071 discimus
743 3031 758 3071 θ
776 3012 929 3073 Prisciano
945 3016 995 3088 26,
1008 3016 1047 3073 16
1058 3032 1101 3089 sq.

91 3103 122 3159 et
145 3119 160 3159 θ
185 3098 390 3177 Oh.130‚29
415 3104 489 3176 fros.
534 3101 674 3161 Fortasse
702 3119 832 3178 aequum
860 3104 905 3160 est
931 3102 978 3161 his
1002 3101 1101 3160 obser·

89 3189 262 3249 rationibus
289 3188 420 3249 inserere
447 3191 548 3250 locum
571 3188 622 3249 Oh.
645 3191 695 3268 75,
715 3192 735 3248 4
760 3190 795 3251 de
819 3208 882 3250 -uos
911 3210 951 3249 an
974 3208 1041 3250 -ccs
1068 3190 1100 3248 in

91 3279 230 3338 extremis
254 3277 433 3356 nominibus,
453 3280 563 3356 quippe
588 3297 664 3355 quae
688 3279 749 3338 iam
773 3278 854 3356 apud
873 3279 999 3349 Quintl
1015 3281 1044 3354 4,
1056 3282 1095 3338 11

90 3368 244 3442 placerent
261 3367 424 3446 plerisque,
443 3370 479 3426 ut
498 3370 552 3426 aut
566 3367 672 3427 Verrio
691 3368 799 3428 Flacco
819 3369 873 3427 aut
890 3367 989 3427 Plinio
1008 3368 1100 3427 ascri-

163 3557 189 3624 1)
207 3554 327 3626 Ritsohl,
347 3554 398 3625 Op.
414 3561 431 3608 4
448 3559 550 3625 p.144.

905 3644 939 3698 6·
