2476 3914
133 193 347 248 Adnotationes.
384 193 425 247 De
444 195 535 262 genet.
556 193 626 264 sing.
646 193 675 247 in
693 195 718 249 a·
735 194 853 248 exeunte
872 194 901 248 et
919 193 1013 249 dubio.
1051 195 1094 262 85

82 339 165 404 rum'
186 344 266 421 apud
286 345 445 421 scriptores
465 345 653 404 rarissimum
677 362 752 404 esse:
776 345 954 423 plerumque
977 347 1092 407 inveni·

80 438 131 494 tur
154 438 208 493 aut
230 436 345 510 patres,
368 437 494 509 matres,
518 433 574 492 filii
601 434 731 493 familias
761 437 814 492 aut
841 436 956 513 patres,
979 440 1092 497 matres

80 524 222 582 familiae.

169 689 217 742 Da
242 687 397 756 genetivo
420 687 584 756 singulari
606 686 642 743 in
664 682 699 744 c‘t
722 689 870 744 exeunte
894 676 936 764 (p.
958 677 1001 766 3).

147 790 192 848 De
216 792 356 868 genetivo
375 790 590 851 vocabulorum
609 791 641 849 in
659 795 727 869 -ias,
747 794 820 850 -c'om
838 791 984 851 habemus
1007 794 1093 852 testi-

81 879 182 937 monia
210 879 333 958 Lucilii,
360 880 519 958 VarroniS,
546 880 663 958 Nigidii
689 881 804 958 Figuli,
832 880 925 939 Plinii
954 881 1090 941 Secundi.

82 966 160 1036 Quid
183 968 219 1026 de
244 970 437 1045 testimoniis,
462 989 538 1046 quae
562 968 653 1029 Probi
681 988 745 1029 esse
774 970 928 1045 dicuntur,
958 973 1091 1030 statuen-

82 1056 154 1114 dum
177 1058 217 1116 sit
241 1057 362 1119 difficile
386 1062 432 1118 est
455 1059 546 1119 dictu.
588 1059 653 1120 Hoc
677 1059 750 1118 satis
773 1057 894 1117 firmum
916 1062 1093 1137 certumque

81 1150 127 1205 est
150 1146 301 1206 Lucilium
323 1167 416 1208 unam
439 1151 450 1207 i
474 1149 601 1208 scribere
624 1148 769 1208 voluisse:
793 1140 899 1224 ‘porro
923 1149 987 1225 hcc,
1010 1149 1091 1208 filius

80 1234 168 1309 Luci,
196 1236 302 1295 feceris
333 1241 345 1296 c'
372 1238 483 1313 solum,
511 1238 547 1295 ut
570 1235 690 1296 Corneli
713 1236 912 1315 Cornificique
937 1232 1003 1318 (Oh.
1025 1231 1092 1317 78),

80 1324 247 1383 Varronem
270 1326 345 1385 duas
368 1329 392 1386 c·
414 1318 481 1406 (Oh.
503 1316 568 1407 78),
592 1325 750 1403 Nigidium
773 1344 866 1384 unam
889 1318 980 1406 (Gall.
999 1327 1037 1386 N.
1055 1327 1091 1386 A.

81 1412 156 1470 XIII
174 1405 243 1494 26);
263 1415 380 1473 Plinius
400 1414 473 1472 dicit
491 1415 639 1474 rationem
656 1433 779 1491 poscere
797 1417 827 1487 o',
848 1415 1094 1474 consuetudinem

81 1502 201 1559 icelle.
248 1502 412 1562 Poetarum
438 1503 535 1562 maior
561 1522 631 1578 pars
659 1504 768 1562 saec.I
795 1524 823 1580 p.
843 1502 875 1562 Ο.
903 1504 942 1562 ad
969 1503 1044 1562 duas
1072 1508 1095 1564 c'c'

81 1590 227 1649 inclinare
251 1592 366 1668 incipit.
399 1591 497 1651 Huius
516 1610 589 1651 usus
607 1592 739 1670 vestigia
756 1592 890 1670 Augusti
908 1592 1093 1669 temporibus

80 1678 226 1754 praebent
245 1685 447 1760 monumenta,
468 1700 654 1759 quamquam
672 1684 683 1740 i
702 1684 826 1759 superat
840 1673 1011 1761 (Btchaler,
1026 1681 1093 1745 Lat.

79 1766 161 1826 Decl.
183 1759 252 1850 72);
279 1770 431 1847 paulatim
459 1773 490 1830 et
517 1773 712 1831 monumenta
740 1774 771 1830 et
797 1774 905 1847 poetae
936 1777 966 1830 et
995 1773 1093 1848 gramss

78 1859 260 1917 maticorum
279 1860 416 1920 doctrina
438 1859 470 1917 in
493 1879 588 1920 unum
607 1861 753 1920 convenit.
800 1859 936 1936 Apparet
959 1879 995 1919 ex
1017 1860 1092 1920 locis

79 1944 209 2006 Charisii
228 1950 301 2026 122,
318 1952 335 2009 6
356 1952 387 2008 et
403 1952 475 2027 141,
492 1953 509 2009 6
529 1949 664 2008 Plinium
683 1949 863 2008 sententiam
881 1948 1027 2008 Varronis
1047 1968 1092 2008 so·

80 2040 184 2096 cutum
204 2055 268 2095 assa
292 2040 323 2096 et
341 2039 417 2096 hanc
441 2037 590 2096 scribendi
608 2037 756 2096 rationem
775 2037 1039 2113 commendavisse,
1058 2041 1094 2096 ut

80 2124 117 2182 ab
146 2125 229 2182 illius
258 2128 393 2201 tempore
421 2125 452 2183 in
476 2128 572 2183 artem
597 2127 824 2203 grammaticam
847 2125 1021 2184 introducta
1044 2126 1092 2185 sit.

79 2212 246 2272 Vocativus
261 2212 292 2270 in
306 2217 329 2272 a·
343 2233 361 2272 a
374 2213 472 2273 Plinio
487 2214 664 2290 repudiatus
685 2217 738 2273 ast.
769 2214 878 2272 Totam
891 2215 969 2273 hanc
984 2215 1093 2274 doctri·

82 2321 151 2360 nam
167 2301 357 2360 coniunctam
378 2302 523 2361 habemus
542 2304 623 2380 apud
637 2301 688 2361 Oh.
703 2306 756 2380 713
771 2321 848 2381 quae
868 2302 930 2363 siva
944 2303 1093 2363 Froehdio

81 2390 209 2467 aliisque
225 2390 370 2468 concedis,
390 2391 443 2468 qui
456 2392 626 2451 Romanum
645 2394 799 2451 auctorem
819 2409 882 2450 esse
901 2394 1012 2468 putant
1030 2393 1093 2452 sira

82 2479 256 2538 Palaemoni
274 2478 407 2539 tribuere
426 2481 530 2557 mavis,
549 2485 651 2540 tamen
671 2499 707 2539 ex
724 2500 784 2540 uno
801 2480 899 2539 Plinio
917 2481 1095 2557 profluxisse

80 2572 162 2628 certo
187 2568 299 2628 certius
323 2572 376 2631 est.

247 2735 296 2789 De
320 2733 475 2802 genetivo
500 2733 662 2803 singulari
684 2734 790 2791 dubio
813 2722 857 2812 (p.
878 2722 922 2811 4).

152 2836 188 2894 In
207 2837 312 2895 multis
330 2837 493 2914 vocabulis,
518 2857 646 2914 quorum
664 2837 844 2897 nominativi
867 2838 988 2915 similes,
1007 2857 1097 2917 gena·

82 2925 140 2986 tivi
172 2925 332 2984 dissimiles
365 2930 448 3003 sunt,
480 2926 598 2985 Plinius
631 2926 831 2985 differentiam
864 2927 1032 3004 significare
1065 2932 1097 2987 et

82 3013 255 3091 praecipere
278 3014 400 3074 volebat
421 3015 602 3075 testimoniis
625 3017 772 3093 veterum,
795 3018 944 3092 quantum
965 3017 1096 3092 poterat,

78 3103 236 3178 subnixus3
271 3120 302 3161 se
326 3104 469 3181 opposuit
490 3105 586 3182 igitur
614 3104 725 3164 severis
755 3104 911 3182 analogiae
939 3104 1053 3181 regulis
1076 3121 1094 3162 a

79 3193 207 3253 Caesare
232 3191 360 3251 conditis
385 3183 474 3274 (144,
494 3187 559 3272 30).
600 3192 754 3253 Audiebat
778 3194 916 3271 regulam
939 3192 975 3250 de
998 3192 1094 3250 nomi-

79 3284 167 3342 nibus
186 3280 317 3358 propriis
336 3282 368 3340 in
387 3299 438 3359 -eS,
456 3285 493 3341 ut
511 3301 578 3359 gen.
594 3275 765 3341 ‘Herculis’
785 3286 816 3342 et
835 3275 990 3340 ‘Achillis'
1010 3282 1093 3338 ante·

80 3372 172 3430 ferret
204 3369 295 3429 alteri
326 3370 357 3428 in
390 3373 423 3430 -ἱ,
470 3370 580 3448 Varro,
612 3371 649 3430 de
680 3371 701 3430 l.
719 3372 739 3430 l.
760 3373 789 3449 8,
809 3372 849 3430 26
879 3363 1034 3428 ‘Herculi'
1065 3371 1095 3428 at

79 3453 253 3519 ‘Herculis'
276 3462 441 3536 utrumque
465 3459 496 3518 in
520 3460 737 3521 consuetudine
762 3479 826 3520 asse
850 3458 930 3517 dicit.
963 3457 1095 3518 Nomina

77 3549 200 3625 propria
219 3549 251 3608 in
271 3552 310 3609 ·r's
323 3550 483 3627 peregrina
497 3569 562 3627 gen.
577 3549 690 3608 habent
703 3550 735 3608 in
749 3552 819 3609 -c'dr's
833 3567 857 3608 a.
872 3567 901 3624 g.
917 3545 968 3606 Oh.
986 3549 1058 3625 145,
1074 3549 1093 3606 3
