2476 3914
131 183 173 246 28
365 184 406 239 De
423 183 669 240 indeclinabilibus
689 186 718 238 et
735 183 898 238 defectivus.

130 335 218 394 nibus
241 329 336 412 (bus)
360 335 437 393 adici
465 335 561 395 solent
588 353 665 411 quae
688 353 811 394 numero
838 333 951 410 plurali
974 352 1003 393 es
1024 334 1138 394 litteris

130 424 344 501 terminantur,
371 429 408 483 ut
437 424 620 500 cupiditates
648 423 825 501 dignitates,
854 424 902 483 vel
929 442 1006 499 quae
1028 441 1077 498 us,
1102 427 1139 482 ut

131 532 215 590 anus,
238 531 354 585 manus,
377 517 508 588 senatus,
531 513 649 571 fluctus.

198 601 248 660 eh.
274 604 324 677 54,
345 604 363 661 8
387 602 517 662 Dativus
541 605 571 661 et
594 601 746 661 ablativus
769 619 823 676 per
845 603 871 659 is
894 603 1017 676 exeunt,
1040 603 1076 659 ut
1099 600 1139 658 ab
1160 607 1168 620 '

104 691 186 750 shoo
209 691 305 766 docto,
324 690 488 763 doctorum,
508 690 616 767 doctis3
639 690 697 748 nisi
717 689 796 765 quod
815 708 1040 766 nonnumquam
1059 690 1139 748 ratio

130 780 190 839 ista
218 780 401 838 auctoritate
428 780 477 838 vel
503 781 682 838 necessitate
708 779 921 854 corrumpitur,
948 779 1046 838 veluti
1069 798 1140 836 cum

131 869 256 927 dicimus
284 869 331 926 his
358 868 471 926 deabus
499 871 530 927 et
556 868 723 927 libertabus
752 867 931 944 filiabusque
960 867 1040 943 quod
1063 867 1141 926 iuris

131 958 221 1032 periti
239 957 446 1033 instituerunt,
465 957 673 1033 ambiguitatis
689 957 886 1015 secernendae
901 956 1016 1014 scilicet
1030 956 1140 1033 gratia,

132 1046 169 1104 ob
192 1045 272 1122 quod
295 1045 393 1103 multa
415 1046 533 1104 sordide
562 1045 599 1103 ab
622 1045 795 1105 auctoribus
819 1046 900 1104 dicta
922 1045 1064 1104 videntur
1085 1044 1141 1102 ha·

91 1155 117 1193 ro
131 1135 200 1193 bere
218 1134 374 1193 rationem.
406 1153 477 1192 nam
496 1133 611 1193 Gellius
630 1135 662 1192 in
675 1134 706 1192 H
720 1135 827 1194 deabus
844 1134 945 1211 inquit
963 1134 1141 1208 supplicum,

131 1226 162 1281 et
184 1223 215 1280 in
239 1223 344 1282 eodem
365 1225 516 1283 cmltitcdo
533 1225 777 1296 peccacatum
799 1227 862 1282 erat
880 1241 913 1282 ex
934 1213 1083 1295 rapiebas,
1109 1225 1142 1282 et

131 1312 162 1370 in
180 1312 272 1371 tertio
292 1314 384 1386 capite
402 1329 467 1372 eam
485 1314 553 1372 otiis
564 1313 719 1387 peccabas
738 1314 896 1380 eonsilium,
920 1315 950 1370 et
968 1311 999 1368 in
1013 1309 1041 1368 V
1054 1313 1141 1384 pael-

132 1402 223 1468 lcbcs,
243 1404 274 1460 et
291 1401 322 1459 in
336 1399 396 1458 VII
408 1419 467 1476 pro
486 1403 599 1461 duobus
606 1401 779 1476 pautioribus.
808 1419 893 1478 quae,
912 1404 948 1460 ut
962 1399 1031 1476 dixi,
1051 1418 1142 1459 sexus

133 1490 307 1549 ostendendi
335 1508 425 1549 causa
452 1490 571 1548 defendi
597 1493 732 1567 possunt.
770 1494 802 1548 at
830 1508 898 1548 cum
924 1490 1023 1548 multa
1049 1507 1143 1549 causa

93 1596 118 1635 15
133 1582 258 1656 cogente
283 1579 355 1656 quid
378 1581 440 1638 tale
465 1579 583 1656 dicitur,
605 1583 680 1639 tuno
703 1579 846 1638 nimirum
868 1578 1071 1638 confitendum
1094 1581 1143 1637 est

133 1667 168 1725 de
191 1686 299 1744 errore,
318 1671 353 1725 ut
375 1667 455 1726 idem
475 1667 591 1727 Gellius
614 1669 645 1726 in
663 1666 775 1726 XCVII
784 1659 828 1748 (P)
846 1669 998 1744 portabas,
1022 1671 1054 1726 et
1070 1685 1143 1725 mox

132 1757 257 1832 oleatus,
281 1761 311 1814 et
329 1755 457 1814 Plautus
475 1756 507 1813 in
526 1755 705 1815 Curculione
724 1757 815 1830 libne,
835 1758 866 1814 et
883 1756 999 1814 Ennius
1018 1756 1049 1812 in
1068 1755 1142 1815 Pro·

132 1843 261 1919 treptioo
278 1846 441 1921 poenibus,
466 1864 543 1920 quae
566 1845 699 1903 notanda
721 1845 869 1904 videntur.

262 2076 319 2147 lll.
356 2076 403 2147 lle
430 2075 730 2147 indeclinabilibus
759 2078 793 2147 ct
821 2075 1010 2147 defectivis.

94 2237 119 2275 so
201 2217 251 2278 Ob.
278 2220 353 2297 143,
374 2221 416 2278 32
450 2217 605 2294 Siremps
633 2221 754 2277 tantum
780 2237 834 2295 per
860 2217 1078 2277 nominativum
1112 2220 1144 2276 et

134 2308 302 2369 ablativum
325 2308 502 2385 declinatur,
525 2308 660 2384 siremps,
682 2310 718 2366 ut
741 2307 826 2367 tabes
846 2310 875 2366 et
897 2305 1002 2383 pluris,
1026 2304 1065 2363 ab
1083 2305 1142 2365 hac

135 2397 277 2473 sirempse
304 2398 391 2473 plure
414 2396 496 2472 tabe,
526 2395 636 2455 Caesar
664 2415 734 2474 ergo
762 2399 884 2470 siremps
911 2396 955 2454 lex
979 2399 1034 2454 esto
1057 2397 1144 2468 quaa

134 2503 250 2544 socrum
267 2487 416 2545 violaverit
436 2484 546 2544 dixisse
564 2486 805 2561 pronuntiandus
825 2486 879 2560 est,
901 2483 960 2542 nisi
977 2484 1055 2543 forte
1075 2484 1144 2560 qui·

135 2573 205 2632 dam
227 2574 441 2633 adverbialiter
463 2574 561 2650 legere
584 2573 756 2649 maluerint,
780 2573 918 2632 similiter
939 2574 988 2631 lex
1011 2574 1084 2631 esto.

95 2678 120 2717 25
178 2661 369 2738 ah.131‚v
396 2661 463 2721 ait.
509 2661 605 2720 Varro
634 2662 672 2720 ad
695 2660 868 2721 Ciceronem
890 2660 933 2719 XI
959 2679 1014 2738 per
1041 2678 1145 2721 omnes

207 2853 241 2901 20
260 2847 416 2920 siremps]
437 2847 470 2902 cf.
487 2846 534 2903 Ch.
550 2852 593 2918 93,
608 2854 654 2915 243
675 2853 735 2916 146,
751 2854 778 2916 13
798 2847 832 2903 of.
847 2846 933 2902 Keilii
951 2847 1016 2903 adn.
1031 2847 1060 2901 et
1078 2862 1144 2902 con·

135 2917 257 2972 iacturas
276 2918 317 2972 ibi
334 2919 473 2988 prolatam
497 2917 561 2972 vide
578 2921 726 2988 praeterea
743 2917 851 2972 Hertzii
869 2917 1095 2972 emendationem
1113 2917 1144 2972 in

135 2987 207 3042 Phil.
221 2989 261 3043 XI
275 2994 335 3059 680,
350 2990 399 3058 qui
413 3006 462 3060 pro
476 2991 618 3046 violaverit
632 2989 690 3114 ,Cla
707 2992 805 3059 144,1)
822 2988 986 3044 ‘vocaverit'
1003 2988 1043 3043 sio
1056 2987 1144 3043 inter-

135 3062 263 3130 pretans:
282 3061 386 3115 Caesar
404 3077 469 3130 ergo
490 3060 618 3131 ‘siremps
649 3077 682 3115 ex
695 3062 766 3115 esto'
783 3059 865 3130 quasi
879 3076 988 3114 sacram
1000 3060 1146 3117 vocaverit

137 3130 240 3186 dixisse
258 3132 481 3201 pronuntiandus
498 3135 543 3187 est
556 3133 592 3203 (d.
607 3132 635 3186 h.
650 3131 854 3201 adjectivisch),
872 3131 928 3185 nisi
940 3131 1012 3186 forte
1027 3130 1144 3200 quidam

137 3201 339 3258 adverbialiter
355 3202 449 3272 legere
468 3202 620 3258 maluerint
638 3202 780 3257 ‘similiter
798 3203 843 3258 lex
862 3205 943 3258 esto’.
966 3234 1002 3243 —
1025 3207 1059 3256 25
1078 3201 1144 3275 git]

136 3273 167 3328 in
184 3274 239 3330 fine
258 3275 416 3343 corruptela
434 3277 486 3345 est,
505 3277 540 3330 de
559 3291 615 3343 qna
634 3274 669 3330 cf.
688 3273 773 3329 Keilii
791 3275 855 3329 adn.

208 3469 296 3524 sch.
316 3475 394 3539 54‚8
436 3470 483 3525 Cn.
503 3471 622 3541 Gellius,
651 3473 749 3525 auctor
770 3470 856 3525 Plinii
881 3469 912 3523 in
934 3470 968 3524 N.
987 3469 1021 3525 H.
1049 3467 1144 3524 indice

138 3541 305 3610 scriptorum
331 3540 379 3597 lib.
459 3584 467 3611 ,
496 3542 582 3597 semel
609 3543 639 3596 in
666 3559 695 3597 re
718 3540 904 3611 grammatica
926 3540 1071 3612 (VH19'1)
1094 3539 1145 3594 ad·
