2476 3914
146 172 188 236 72
387 168 429 226 De
448 167 542 224 dubiis
560 165 710 236 generibus
728 169 758 222 et
775 166 906 224 numeris.

210 321 246 381 Κ.
266 320 294 378 V
314 322 388 400 584,
408 322 449 380 24
472 320 606 379 Nasum
624 317 741 396 generis
760 319 870 397 neutri,
893 321 930 379 ut
947 317 1088 378 Lucilius
1107 337 1161 380 na-

145 429 210 471 sum
232 407 283 471 lro'o
305 427 463 486 corpusque
485 413 597 469 sorum
619 407 712 489 (Non.
733 409 811 484 215,
839 407 950 486 Anon,
976 407 1013 466 de
1037 409 1162 468 nomine

145 500 179 560 Κ.
199 499 243 559 IV
268 502 341 578 212,
362 490 426 580 10).

213 587 265 648 Oh.
282 591 332 668 99,
343 591 384 648 22
400 586 611 647 Necessitas
626 585 746 660 imperii
760 587 814 662 est,
828 586 1019 645 necessitudo
1034 586 1161 665 sangui·

119 678 193 737 onis
221 678 401 738 coniunctio.
442 675 606 736 Sallustius
634 677 736 733 tamen
764 668 1039 735 ‘necessitudinem'
1067 693 1162 753 saepe

145 786 199 844 pro
225 759 436 827 ‘necessitate'
459 765 554 842 ponit,
581 783 636 823 neo
662 781 808 840 umquam
830 782 885 839 pro
910 756 1161 824 ‘necessitudine’

146 849 380 915 ‘necessitatem'
399 857 454 913 aut
471 853 536 930 ipse
556 854 610 912 aut
629 853 790 929 quisquam
808 854 945 912 veterum
960 845 1051 932 (Non.
1067 844 1160 932 354).

213 943 265 1003 Oh.
287 947 337 1021 90,
356 945 398 1002 24
421 942 551 1018 Neptis
575 941 766 1020 grammatici
784 940 892 1000 nolunt
915 941 984 1020 dici,
1007 942 1087 1019 quod
1106 961 1162 1001 no-

146 1033 228 1092 mina
254 1033 286 1090 in
316 1049 348 1092 os
375 1031 516 1091 exeuntia
548 1030 688 1108 genetivo
722 1030 869 1107 singulari
896 1033 922 1090 is
951 1030 1100 1090 finiuntur
1129 1033 1164 1090 et

106 1140 132 1180 1o
146 1141 206 1180 non
237 1123 365 1197 possunt
395 1119 525 1179 transire
557 1119 589 1177 in
622 1118 778 1196 feminina,
810 1122 846 1178 ut
879 1123 981 1179 custos
1013 1119 1162 1198 custodis,

147 1209 285 1269 sacerdos
309 1208 485 1286 sacerdotis,
514 1226 607 1284 nepos
630 1207 761 1284 nepotis,
792 1211 823 1267 et
846 1208 995 1268 advocant
1016 1207 1164 1286 Ennium,

100 1308 108 1327 ⁸
147 1298 226 1376 quod
255 1298 363 1359 dixerit
389 1298 445 1375 ita,
472 1298 537 1358 Ilio
564 1299 615 1358 dio
640 1314 741 1370 nepos,
769 1314 842 1370 quas
870 1315 1006 1358 cameos
1032 1298 1162 1358 tantist.

147 1388 199 1448 sed
228 1388 412 1448 consuetudo
440 1388 581 1463 nepotem
608 1385 775 1445 masculino
803 1390 835 1445 et
862 1389 983 1463 neptem
1014 1385 1163 1446 feminino

147 1497 255 1557 genere
277 1478 446 1554 usurpauit.

107 1583 133 1624 15
215 1566 414 1643 Oh.102,14
433 1565 536 1624 Nihil
555 1565 581 1624 si
599 1565 689 1641 dicas,
709 1563 909 1640 quantitatem
927 1566 1025 1639 notas,
1044 1563 1070 1623 si
1087 1582 1163 1622 vero

147 1655 235 1714 nihili
262 1655 407 1714 adiuncta
434 1657 460 1731 o',
492 1653 622 1713 hominis
649 1670 754 1712 mores.
801 1652 887 1711 cuius
914 1651 1043 1712 nominis
1074 1652 1163 1731 origo

147 1745 220 1802 haec
240 1746 298 1801 est:
321 1743 418 1801 hilum
436 1741 533 1801 Varro
552 1760 653 1801 rerum
671 1741 872 1800 humanarum
889 1740 1067 1801 intestinum
1086 1740 1164 1802 dicit

148 1831 372 1909 tenuissimum,
401 1830 481 1907 quod
509 1829 563 1888 alii
584 1829 694 1888 hillum
717 1828 960 1905 appellauerunt,
984 1832 1020 1889 ut
1041 1830 1162 1889 intelle-

148 1923 271 1999 geretur
300 1918 479 1979 intestinum
507 1920 632 1995 propter
654 1916 884 1977 similitudinem
907 1919 1032 1996 generis.
1080 1920 1163 1978 undo

109 2029 135 2069 ao
149 2010 268 2086 antiqui
287 2008 463 2068 creberrime
486 2007 609 2084 dempta
626 2007 731 2067 littera
748 2007 844 2066 hilum
865 2026 984 2084 quoque
1006 2006 1162 2084 dixerunt,

148 2099 228 2159 unde
251 2098 455 2177 intellegimus
478 2097 553 2157 nihil
576 2097 640 2156 sine
663 2096 846 2173 aspiratione
869 2096 977 2171 vitiose
1002 2095 1068 2155 dici.

215 2189 377 2248 Praeterea
401 2189 437 2246 cf.
460 2187 496 2246 K.
515 2185 544 2243 V
563 2187 628 2246 584
651 2186 789 2258 nucleus,
812 2186 871 2246 nix.

637 2351 674 2406 0.

190 2505 194 2516 .
217 2453 269 2514 Oh.
290 2456 341 2530 72,
361 2456 401 2513 17
426 2451 585 2512 Ocimum
603 2450 788 2512 consuetudo
807 2451 987 2511 neutraliter
1005 2451 1086 2512 dicit.
1110 2453 1165 2513 sod

110 2562 136 2602 25
151 2544 300 2603 Aemilius
329 2544 431 2602 Macer
457 2543 502 2601 ait
532 2545 608 2601 inter
628 2543 806 2614 praeteritus
832 2542 1033 2600 numerabitur
1054 2543 1165 2603 orimus

149 2633 253 2691 liobae
276 2624 367 2712 (Non.
387 2621 475 2710 550).

218 2717 268 2778 Oh.
295 2722 349 2796 99,
374 2721 393 2778 8
427 2716 568 2777 Olivam
601 2716 791 2794 grammatici
824 2715 961 2775 arborem
993 2717 1164 2795 significare

150 2809 267 2878 volunt,
287 2807 384 2867 oleam
401 2807 548 2882 fructum,
568 2806 620 2865 sed
634 2809 751 2866 veteres
770 2805 827 2864 hoc
845 2823 904 2865 non
920 2804 1164 2869 observaverunt.

152 2897 341 2957 econtrario
371 2897 449 2956 enim
475 2895 627 2974 Vergilius
655 2896 789 2954 fructum
818 2894 941 2972 olivam,
970 2913 1022 2955 nec
1041 2899 1166 2971 pinques

111 3003 138 3044 ao
151 3005 241 3046 cerum
263 2988 295 3045 ro
323 2988 427 3059 facicm
449 2989 611 3046 cosmetur
638 2987 731 3044 olicae
752 2978 911 3060 <arborem
939 2987 1042 3043 autem
1066 2986 1166 3046 oleam

152 3075 240 3153 dixit,
263 3075 313 3135 scd
336 3078 445 3135 truncis
468 3071 566 3153 oleae>
588 3076 690 3135 melios
707 3075 870 3148 propropter
891 3074 973 3147 cites,
999 3073 1165 3133 etiterum

146 3167 259 3240 prolem
282 3165 365 3224 tarde
387 3167 536 3223 crescentis
559 3165 658 3224 olicae.

219 3253 270 3312 Oh.
283 3255 385 3332 99,15
402 3251 569 3329 Olympia
583 3252 727 3310 feminino
742 3269 850 3328 genere
864 3249 949 3310 locus
963 3251 1028 3326 ipse
1043 3250 1163 3324 dicitur,

152 3342 318 3401 certamina
345 3361 416 3403 vero
444 3341 631 3401 neutraliter.
668 3358 739 3398 nam
767 3338 863 3398 Varro
892 3339 936 3398 ait
966 3338 1100 3413 Olympio
1131 3343 1165 3399 ior

112 3446 138 3487 eo
152 3433 235 3491 ludos
252 3433 364 3500 incitat,
385 3431 459 3490 item
477 3429 513 3487 de
531 3429 678 3505 poematis
699 3427 863 3502 Olympium
880 3445 939 3486 non
958 3431 1081 3488 accunt.
1112 3429 1166 3488 sed

153 3519 231 3578 idem
255 3519 291 3578 de
315 3523 405 3597 gente
428 3518 534 3596 populi
558 3517 685 3577 Romani
707 3516 754 3577 III
781 3518 864 3576 ludos
888 3514 1023 3591 Olympio
1049 3519 1165 3591 frenat.
