2476 3914
397 199 648 258 Commentariolus
666 201 837 271 isagogicus.
1065 203 1119 259 VII

107 348 218 415 ἄρθρον
252 348 416 416 (pronomen
447 345 476 398 et
508 343 666 415 articulus),
700 343 852 416 σύνδεσμος
884 345 1117 404 coniunctionem.

110 427 282 497 Seiungebat
296 423 468 494 Chrysippus
487 424 523 479 ab
542 422 632 495 ὄνομα
649 423 701 493 τὴν
719 422 919 495 προσηγορίαν,
936 425 979 481 ita
997 427 1119 482 utillud

106 508 182 562 esset
207 521 310 560 nomen
332 503 487 575 proprium,
511 503 632 559 alterum
658 521 760 559 nomen
784 505 995 575 appellativum.
1032 507 1120 562 Primi

107 587 263 642 utebantur
280 601 348 639 voce
370 592 483 653 πτῶσις,
504 599 590 652 quam
604 583 690 638 ‘varie
712 584 934 654 interpretantur
955 586 1010 641 riri
1033 588 1119 659 docti,

108 668 203 720 minus
221 665 323 720 latiore
341 681 424 719 sensu
441 667 471 720 et
489 665 525 719 ab
540 663 590 718 illo
604 665 730 734 tempore
744 664 865 734 legimus
880 666 915 720 de
930 667 1119 723 declinatione

108 765 209 801 vocum
236 747 355 816 (νίίσις),
374 745 409 800 de
431 744 544 799 nasibus
567 746 597 798 et
618 747 695 799 recto
719 747 748 800 et
771 745 906 816 obliquis,
931 747 1051 815 denique
1074 765 1119 803 oc-

109 826 245 881 currimus
272 824 431 880 ncminibus
459 824 530 894 illis,
554 840 626 891 quae
648 841 699 895 per
726 825 925 894 grammaticos
948 825 1053 880 latinos
1082 828 1119 881 ad

109 910 206 962 nostra
224 912 350 975 tempora
367 906 527 976 propagata
550 906 624 959 sunt.
660 904 759 974 Magni
782 923 894 974 quoque
917 906 1053 962 momenti
1076 910 1120 962 est

114 987 186 1055 quod
213 986 352 1042 docebant
379 985 414 1040 de
441 985 539 1054 verbo;
568 983 782 1054 distinguebant
805 987 893 1041 verba
916 986 1068 1042 transitiva
1090 989 1121 1042 et

113 1068 297 1137 intransitiva,
318 1065 583 1121 animadvertebant
600 1063 695 1119 activa
713 1063 820 1136 (ὀρθοί),
838 1066 954 1136 passiva
968 1066 1076 1139 (ὕπτια)
1090 1069 1120 1122 et

112 1151 209 1204 neutm
233 1145 397 1220 (οὐδέτερα).
434 1147 472 1199 At
495 1147 561 1200 ante
580 1144 674 1200 omnia
692 1146 745 1200 hoc
775 1147 1049 1201 commemorandum
1075 1153 1121 1204 est

113 1228 218 1284 Stoicos
245 1227 350 1298 primos
377 1228 506 1294 tempora
528 1224 607 1280 verbi
634 1224 718 1280 certis
741 1224 852 1296 legibus
879 1227 1063 1282 obstrinxisse
1091 1229 1121 1283 et

111 1309 272 1364 distinxisse
290 1311 401 1377 tempus
419 1322 552 1376 praesens
571 1304 707 1360 infectum
726 1308 755 1362 et
772 1307 957 1376 praeteritum
974 1308 1119 1377 infectum,

110 1404 241 1458 praesens
272 1389 429 1458 perfectum
461 1388 490 1441 et
520 1385 705 1456 praeteritum
735 1387 904 1456 perfectum
937 1388 1063 1442 futurum
1091 1391 1121 1444 et

112 1469 232 1524 coriatus
258 1469 384 1523 nondum
408 1465 465 1520 suis
493 1465 562 1522 locis
591 1469 672 1521 erant
697 1466 800 1536 posita.
836 1467 1009 1536 Ignorabant
1031 1467 1120 1538 igitur

111 1552 169 1604 tres
197 1549 321 1605 actiones
349 1564 413 1601 cum
440 1545 497 1600 suis
526 1561 666 1614 quamque
692 1546 875 1615 temporibus.
911 1547 1023 1618 Medos,
1050 1565 1120 1616 quos
1156 1574 1163 1581 r

109 1647 160 1685 nos
193 1629 324 1697 dicimus,
355 1642 445 1697 neque
479 1625 567 1681 Stoici
597 1642 687 1696 neque
710 1626 799 1681 Varro
832 1626 946 1695 quidem
978 1628 1118 1698 cognovit.

110 1709 275 1764 Coniunctio
294 1707 339 1762 vel
356 1710 389 1761 ut
406 1722 507 1777 graece
527 1705 620 1761 dicam
638 1705 653 1762 ὁ
673 1705 826 1777 σύνδεσμος
844 1708 920 1777 apud
937 1707 1120 1765 Aristotelem

109 1789 183 1844 inter
197 1788 331 1844 orationis
345 1789 440 1857 partes
449 1787 573 1842 nondum
582 1788 711 1856 receptus
725 1788 770 1842 est
782 1804 873 1856 neque
883 1787 929 1842 hic
943 1788 1121 1845 discernebat

109 1886 270 1939 pronomen,
290 1865 526 1936 coniunctionem,
545 1866 703 1923 articulum.
740 1867 828 1923 Stoici
851 1869 1034 1924 secernebant
1055 1888 1120 1939 pro-

109 1966 211 2004 nomen
238 1952 268 2003 et
295 1947 444 2002 articulum
471 1946 562 2015 iisque
589 1963 691 2001 nomen
722 1947 820 2019 ἄρθρα
850 1948 1021 2006 indiderunt.
1059 1949 1119 2015 Quo

108 2031 216 2084 factum
240 2031 282 2082 est
305 2030 337 2081 ut
360 2027 457 2081 decem
483 2027 621 2081 haberent
649 2024 832 2099 σονθίομοος,
861 2047 979 2097 quorum
1005 2031 1120 2086 nomina

40 2144 50 2169 .
108 2111 167 2164 fere
186 2108 281 2163 omnia
299 2124 334 2161 cx
352 2123 386 2160 ea
405 2106 541 2175 doctrina,
560 2122 646 2174 quam
663 2106 786 2175 logicam
806 2108 911 2178 dicunt,
926 2112 1039 2179 sumpta
1056 2113 1121 2165 sunt

109 2208 175 2256 eg.
195 2185 361 2255 προθετιτοὶ
380 2186 529 2254 σύνδεσμον
546 2185 778 2255 praepositiones,
798 2182 965 2255 ἐπιφοριτοί
983 2187 1120 2259 illativae,

109 2269 189 2321 velut
207 2264 277 2319 ἄίίὰ
296 2263 360 2333 μήν,
378 2265 483 2332 τοίνον,
503 2266 693 2328 θιαζονντννοί
708 2264 918 2319 coniunctiones
935 2265 1120 2323 disiunctivae

82 2412 83 2415 ρ
111 2347 160 2418 (ἢ),
179 2344 428 2413 ταραοονατττιτοί
442 2338 529 2414 (ἐπεί)
549 2344 601 2398 cet.
629 2343 712 2398 Teste
726 2343 851 2415 Diogene
865 2345 977 2400 Iraertio
991 2346 1044 2401 Vll
1058 2353 1073 2414 ξ
1086 2354 1120 2403 68

109 2429 141 2483 τὸ
161 2427 271 2498 ἄρθρον
290 2425 351 2479 erat
370 2431 505 2494 στοιχεῖον
523 2422 607 2495 λόγον
620 2423 768 2493 πτωτικόν,
787 2422 908 2495 διόρνζον
926 2425 961 2481 τὰ
979 2425 1046 2498 γένη
1065 2439 1121 2487 τῶν

108 2506 256 2579 ὀνομάτων
274 2503 324 2558 καί
346 2503 411 2566 τοὺς
436 2503 588 2574 deviceris,
612 2501 685 2560 olor·
710 2504 738 2574 ὁ,
757 2504 788 2575 ἡ,
808 2503 853 2574 τό,
872 2503 912 2575 οῖ,
931 2504 975 2576 αἱ,
993 2507 1036 2565 τοί.
1074 2511 1120 2567 Sic

110 2589 260 2644 articulum
278 2603 341 2641 eum
361 2584 534 2656 significasse
552 2584 712 2642 credideris.
749 2585 805 2641 Sed
829 2585 880 2641 alii
902 2589 1044 2644 testantur
1066 2592 1119 2648 hoc

109 2686 170 2724 esse
189 2669 300 2738 ἄρθρον
318 2667 486 2737 ἄοριστῶθες
500 2665 671 2736 (infinitum),
685 2665 851 2736 pronomina
865 2670 961 2723 autem
979 2670 1119 2742 ὡρισμένα

106 2749 209 2819 (finita)
230 2745 367 2817 appellari
391 2746 603 2815 (posterioribus
626 2746 800 2816 temporibus
823 2749 986 2819 ἀντωνυμία
1004 2777 1038 2795 =
1056 2769 1119 2820 pro-

109 2831 229 2895 nomen).
252 2827 293 2882 De
308 2843 365 2896 qua
378 2841 408 2879 re
423 2826 549 2880 conferas
563 2825 737 2881 Priscianum
748 2827 774 2881 H
782 2833 911 2897 p.54,13=
928 2828 1072 2898 „articulis
1081 2874 1087 2886 .
1097 2875 1119 2886 ..

109 2906 274 2977 pronomina
292 2907 525 2960 connumerantes
539 2907 587 2976 (sc.
603 2906 701 2976 Stoici)
716 2906 810 2962 finitos
825 2923 859 2962 ea
873 2907 1008 2963 articulos
1023 2911 1119 2979 appel-

109 2987 220 3054 labant,
241 2984 420 3040 ..articulos
436 3027 443 3038 .
460 2985 604 3040 .infinitos
628 2986 761 3042 articulos
781 2986 915 3041 dicebant
937 2988 996 3057 vel,
1020 2992 1052 3043 ut
1070 2989 1120 3043 alii

109 3066 215 3136 dicunt,
234 3066 367 3120 articulos
386 3065 626 3120 connumerabant
643 3065 854 3136 pronominibus
870 3110 987 3123 ......
990 3073 1007 3097 “
1042 3069 1120 3124 Inter

109 3146 220 3200 infinita
233 3146 452 3199 numerabantur
466 3145 566 3200 etiam:
579 3146 718 3201 vocabula
729 3145 944 3217 interrogativa,
953 3148 1121 3216 pronomina

109 3225 257 3281 indefinita
276 3226 305 3279 et
323 3224 499 3294 correlativa,
517 3224 697 3282 interlinita:
715 3243 869 3296 pronomen
880 3227 1036 3296 personale,
1055 3242 1119 3295 pos·

110 3307 254 3374 sessivum,
272 3303 433 3358 reflexivum
452 3306 481 3359 et
494 3305 614 3360 fortasse
627 3321 706 3374 pron.
721 3305 980 3361 demonstrativum.
994 3337 1031 3345 —
1044 3305 1119 3373 „Ad-

109 3387 206 3441 verbia
220 3387 248 3455 (i.
264 3401 286 3440 e.
302 3381 453 3454 ἐπίρρημα)
467 3384 576 3455 (Stoici)
594 3385 755 3439 nominibus
769 3385 816 3439 vel
829 3385 923 3440 verbis
938 3401 1119 3441 connumera-

107 3467 180 3521 bant
205 3469 233 3521 et
258 3463 340 3533 quasi
365 3463 507 3519 adiectira
533 3467 682 3521 verborum
704 3482 738 3521 ea
760 3464 962 3520 nominabant“
982 3462 1078 3532 (Prisc.
1093 3467 1120 3522 H

109 3552 152 3616 54,
169 3549 222 3617 18),
260 3546 331 3599 Tum
359 3543 479 3614 legimus
507 3545 689 3615 Antipatrum
714 3545 796 3600 Tarsi
822 3545 934 3610 natum,
962 3543 1120 3604 auditorem
