2476 3914
356 181 398 234 De
417 177 511 233 dubiis
530 179 678 251 generibus
698 181 728 234 et
744 178 876 235 numeris.
1080 179 1119 244 71

106 334 238 412 Valgius
261 334 293 391 iu
317 331 533 409 epigrammate
556 333 615 390 seta
636 349 756 405 ramoso,
785 333 915 392 rotrodo
935 326 939 410 i
960 334 1123 406 mamardo

105 427 140 484 et
156 422 254 482 Varro
275 420 502 498 epistulicarum
519 419 596 478 VIII
621 422 815 494 mamertium
832 439 938 490 aarum,
960 425 1123 496 mamardo

99 515 208 588 plura.
254 511 307 571 sed
338 509 419 568 idem
446 509 542 567 Varro
571 526 660 584 saepe
688 512 719 568 et
747 509 800 567 alii
827 509 929 584 plures
957 512 1123 588 margarita

104 600 252 661 feminine
285 599 438 674 dixerunt3
471 598 502 656 in
534 598 675 674 genetivo
703 601 804 656 tamen
836 598 948 675 plurali
978 618 1038 658 nou
1065 601 1123 659 nisi

107 689 254 750 feminino
278 706 386 767 genere
409 687 645 765 margaritarum
665 682 731 765 (Oh.
748 689 799 762 57,
819 689 874 764 273
897 687 973 747 Non.
990 680 1077 768 214).
1150 705 1163 747 a

177 776 228 838 oh.
251 779 302 854 65,
322 779 339 837 6
368 777 490 853 Margo
515 775 657 834 feminino
680 795 803 854 genere,
827 779 863 835 ut
886 777 988 854 virge,
1012 777 1122 855 imago,

109 866 267 945 Karthago
295 868 325 926 et
352 867 464 942 cetera,
493 883 570 941 quae
599 867 668 923 ante
696 883 711 924 o
739 864 853 925 habent
876 885 909 944 93
937 864 1063 942 ideoque
1092 871 1123 926 et

109 956 259 1015 Aemilius
283 955 384 1014 Maeer
406 954 450 1012 ait
472 956 596 1025 fiumina
619 957 750 1028 maraine
772 973 900 1033 mommo,
929 957 959 1013 et
982 955 1122 1014 Rabirius

109 1044 221 1104 extulit
247 1045 354 1104 Idaeos
384 1061 500 1102 sommo
531 1060 596 1101 eum
627 1046 759 1117 mareiae
788 1045 882 1104 eolles.
926 1043 1123 1103 inveniuntur

107 1138 212 1193 tamen
231 1153 265 1193 ex
284 1132 388 1192 eadem
406 1131 504 1191 forma
521 1132 697 1209 masculina,
716 1132 800 1210 uligo
821 1136 852 1192 et
876 1134 1005 1211 farrago.
1030 1152 1122 1210 quare
1138 1152 1164 1191 1o

109 1223 194 1299 apud
221 1225 358 1282 auctores
385 1239 489 1298 margo
517 1221 683 1280 masculino
712 1240 833 1298 quoque
866 1222 978 1281 dieitur
1005 1241 1122 1299 genere,

109 1313 146 1371 ut
169 1312 251 1388 apud
273 1310 416 1372 Ovidium
439 1310 574 1368 mareota
597 1310 679 1384 leaeo
700 1308 704 1384 Ι
724 1313 868 1387 moratam
897 1314 928 1370 et
950 1312 1124 1387 frequenter

109 1401 208 1459 Varro
231 1419 332 1459 rerum
353 1398 537 1458 rusticarum
560 1398 610 1457 sio.

178 1487 361 1567 Oh.57,1o
385 1486 528 1547 Merula
552 1507 590 1546 an
609 1487 743 1546 merulus
764 1481 942 1566 [κόσσυφος]
963 1488 1123 1547 dieendum

107 1579 150 1638 sit
174 1577 338 1656 quaeritur.
375 1576 492 1635 merula
520 1575 645 1635 dicenda
673 1579 727 1635 est.
765 1576 867 1637 avium
894 1577 974 1636 enim
1000 1578 1163 1636 nominare

108 1666 260 1746 quaedam
277 1668 398 1726 tantum
412 1665 587 1743 masculina,
607 1665 756 1741 quaedam
773 1665 918 1725 feminina
933 1667 1121 1727 extremitate

108 1757 155 1815 ita
174 1756 245 1816 olim
266 1754 450 1815 consuetudo
465 1754 599 1831 possedit
618 1756 653 1813 ut
671 1754 791 1832 signata
805 1756 907 1832 potius
922 1775 1014 1833 quam
1032 1774 1122 1815 usur-

106 1847 183 1923 pata
210 1844 362 1921 videatur3
395 1844 574 1921 masculina,
606 1846 668 1903 tam
700 1864 790 1920 quam
822 1863 941 1922 corrue,
975 1847 1122 1923 gragulus

107 1931 237 2011 κολοιός,
270 1933 431 2009 psittacum
464 1933 621 2009 feminina,
654 1935 718 1991 tam
746 1952 837 2010 quam
865 1935 979 2011 aquila,
1008 1935 1122 1993 ciconia

108 2020 260 2102 πελαργός,
284 2022 377 2081 fuliea
401 2019 497 2100 λάρος.
529 2022 585 2080 hoe
609 2040 729 2098 quoque
753 2022 790 2080 de
813 2041 873 2098 quo
898 2021 1054 2097 quaeritur
1076 2022 1121 2079 in·
1136 2039 1163 2079 ao

108 2113 232 2188 pensIus
250 2112 282 2170 iu
302 2106 363 2189 <α>
383 2111 500 2169 merula
519 2109 621 2185 potius
641 2128 731 2185 quam
751 2129 805 2184 per
823 2128 858 2168 ue
876 2110 1010 2168 merulus
1030 2128 1122 2168 enun-

109 2200 301 2365 Ἐ111111111172,
321 2290 362 2348 23
382 2287 549 2347 Mendum
568 2287 747 2346 neutraliter
766 2285 861 2345 Varro
881 2285 913 2344 111
930 2284 1122 2345 Admirandis

110 2378 194 2456 dixit,
218 2396 356 2452 moenum
369 2367 526 2453 'meadum
550 2377 602 2435 sed
621 2374 747 2436 Ovidius
765 2375 909 2433 feminine
932 2379 1011 2433 aoote
1035 2377 1123 2434 lateat

108 2468 242 2536 mendae,
274 2467 348 2526 Item
375 2468 477 2525 emmer
502 2468 569 2538 ipso
600 2467 661 2525 dies
688 2467 781 2524 omnis
809 2482 823 2523 e
850 2481 967 2538 corpore
993 2465 1121 2522 mendae.
1136 2480 1162 2521 ae

110 2574 182 2634 ergo
203 2554 346 2614 mendum
364 2555 396 2613 in
413 2554 563 2613 mendacii
582 2552 801 2632 significatione
821 2553 945 2630 dicetur,
964 2552 1072 2611 menda
1091 2552 1122 2610 in

110 2645 200 2721 eulpa
224 2644 323 2720 operis
346 2643 396 2704 vel
419 2643 551 2720 eorporis
576 2635 668 2725 (Nou.
688 2636 775 2722 214).

177 2731 228 2792 ch.
249 2735 300 2803 81,
322 2723 396 2814 3(?)
424 2732 623 2791 Munifieus
648 2736 694 2793 est
716 2734 780 2791 tam
803 2751 894 2809 quam
916 2730 1067 2791 beneficus
1092 2733 1123 2790 et

109 2820 278 2899 maleficae,
311 2821 446 2880 munifex
474 2824 577 2880 autem
604 2824 669 2879 tam
697 2840 788 2897 quam
816 2821 917 2897 opifex
944 2824 975 2880 et
1005 2821 1123 2880 artifex.

109 2911 214 2989 itaque
237 2909 396 2970 munificus
414 2929 541 2969 munera
558 2911 699 2988 largitur,
722 2909 857 2968 munifex
876 2911 977 2968 autem
995 2928 1122 2967 munera
1136 2926 1164 2965 eo

109 3000 257 3077 fungitur,

598 3127 638 3182 N.

171 3231 208 3291 K.
227 3230 256 3289 V
276 3233 349 3309 584,
369 3233 409 3290 27
438 3230 582 3291 Naevus
606 3228 724 3307 generis
748 3229 860 3306 neutrI,
889 3229 939 3287 sed
963 3225 1059 3285 Varro
1084 3225 1122 3285 ad

112 3319 287 3380 Oieerouem
310 3314 370 3378 ‘hie
393 3312 527 3380 naevus'.
747 3344 753 3362 1

183 3549 198 3597 6
217 3544 345 3615 margo]
363 3540 429 3597 vide
448 3541 535 3597 Keilii
553 3541 617 3598 adn.
