2476 3914
387 126 639 183 commentariolus
657 127 826 198 isagogicas.
1003 177 1006 182 .
1071 129 1111 183 XI

96 272 192 328 hercle
219 270 377 341 imparatus
405 270 442 323 ad
464 269 519 325 hoc
541 285 612 340 opus
634 268 767 340 accessit,
794 269 850 325 imo
873 272 964 326 totam
986 287 1045 338 rem
1068 288 1110 326 re-

98 351 265 408 motissimis
296 350 328 406 in
358 349 428 404 locis
459 350 661 419 perscrutando
693 349 805 420 penitus
836 354 1010 420 permoverat.
1051 352 1111 407 lam

95 450 234 503 magnum
255 447 402 486 numerum
425 429 623 500 opusculorum
645 429 676 483 in
703 431 795 486 lucem
817 430 949 486 emiserat
971 432 1049 487 velut
1074 432 1110 487 de

96 512 271 582 antiquitate
289 510 449 579 literarum,
468 510 504 564 de
522 507 632 579 origine
650 508 765 580 liuguae
785 509 905 580 latinae,
925 511 959 566 de
979 511 1110 566 similitu-

96 593 165 648 dine
182 593 332 649 verborum
349 589 516 661 (analogia),
536 589 571 644 de
595 605 721 644 sermone
743 589 833 645 latino
852 590 1011 662 (addiderat
1029 608 1110 661 prae-

98 675 183 742 cepta
201 673 236 726 de
253 687 284 726 re
302 668 438 740 metrica),
458 671 511 724 cet.
549 667 738 725 Gontinebaut
756 670 824 725 libri
841 672 876 725 de
899 671 997 741 lingua
1018 672 1110 727 latina

98 756 191 808 totam
217 749 433 822 grammaticam
460 747 478 805 i.
499 765 521 804 e.
546 749 759 818 etymologiam,
786 750 1023 821 morphologiam,
1047 770 1109 820 syn-

96 832 195 887 taxim.
231 830 382 886 Rationem
401 827 515 898 quidem
534 827 691 884 Stoicorum
711 829 880 902 (Chrysippi)
898 834 928 886 et
944 830 1110 886 Alexandri-

98 929 198 967 norum
218 910 438 983 (Aristophanis,
462 907 629 978 Aristarchi)
652 910 888 981 amplectebatur,
914 910 994 967 utin
1012 911 1109 966 multis
1187 923 1193 935 ’

98 993 182 1047 rebus
202 1007 292 1060 aeque
311 993 397 1059 atque
415 989 480 1044 illos
502 1005 635 1058 peccasse
658 1006 722 1044 eum
744 991 843 1061 negari
864 1009 920 1046 nou
942 992 1040 1062 possit.
1077 992 1110 1046 In

97 1073 255 1128 enodandis
275 1073 304 1127 et
317 1069 491 1140 explicandis
504 1069 650 1125 vocabulis
669 1087 753 1141 saepe
772 1073 809 1126 ad
823 1072 959 1128 dialectos
973 1074 1110 1128 Italorum

96 1154 254 1224 relegabat,
273 1154 305 1206 ut
323 1150 503 1220 Sabinorum,
523 1149 665 1222 Oscorum,
685 1152 849 1222 Tuscorum,
869 1155 935 1218 eet.;
955 1153 1108 1209 dialectum

97 1233 275 1303 Umbrorum,
295 1231 370 1301 quod
389 1229 523 1299 sciamus,
542 1229 675 1300 neglexit.
711 1231 804 1286 Verrii
822 1232 916 1287 Flacci
934 1233 1107 1302 temporibus

98 1316 129 1367 et
143 1313 286 1368 Gallorum
299 1311 399 1380 lingua
413 1312 443 1365 et
451 1309 620 1364 Umbrorum
633 1309 770 1364 dialectus
786 1311 891 1365 auxilio
906 1313 1108 1383 arcessebatur,

97 1393 138 1447 ad
156 1409 229 1461 quae
246 1391 354 1447 auxilia
371 1389 526 1445 accedebat
542 1389 642 1459 lingua
656 1389 832 1458 Graecorum,
851 1408 907 1458 qua
925 1395 1021 1447 tamen
1038 1409 1107 1463 pau-

96 1473 181 1528 latim
203 1473 233 1526 in
251 1469 422 1527 deducendis
440 1469 586 1525 vocabulis
609 1469 807 1538 abutebantur,
821 1472 854 1524 ut
871 1473 942 1524 haec
960 1472 1108 1526 verborum

96 1553 249 1624 explicatio
269 1569 286 1606 a
305 1549 479 1617 Quintiliano
497 1549 511 1603 I
529 1554 554 1620 6,
569 1554 673 1603 28-39
693 1550 796 1604 acriter
817 1550 1032 1620 vituperaretur.
1069 1551 1108 1606 At

100 1634 158 1688 sint
175 1633 283 1688 multae
300 1647 394 1703 nugae
413 1632 442 1685 et
459 1628 584 1700 ineptiae
601 1629 633 1685 in
650 1632 777 1684 veterum
794 1631 882 1703 libris,
902 1648 972 1701 quos
991 1631 1107 1703 scripse-

96 1717 163 1769 runt
182 1715 217 1769 de
234 1713 346 1782 lingua,
365 1710 520 1766 erraverint
537 1710 703 1765 creberrime
722 1714 752 1765 et
770 1712 948 1783 stultissime,
967 1715 1108 1783 permulta

99 1796 128 1848 et
145 1797 222 1849 recte
242 1792 461 1863 explicaverunt.
488 1789 526 1844 Et
539 1793 677 1858 quantum
690 1791 794 1847 nostris
809 1809 920 1862 quoque
934 1793 1107 1863 temporibus

97 1878 221 1930 arratum
240 1872 279 1928 sit
295 1870 433 1939 relinquo.
464 1870 614 1925 Praeterea
632 1888 668 1926 ne
685 1889 736 1926 nos
755 1873 869 1942 quidem
887 1873 918 1926 in
936 1874 1032 1928 multis
1050 1892 1108 1930 me-

96 1955 168 2009 liora
182 1953 335 2010 docuimus.
363 1951 405 2006 De
414 1951 539 2006 Varrone
553 1951 746 2007 testimonium
761 1953 886 2022 Benfeyi,
904 1954 958 2008 viri
972 1955 1107 2010 scientiae

96 2035 209 2104 linguas
240 2033 315 2087 inter
346 2047 376 2085 se
408 2031 590 2100 comparandi
616 2031 781 2100 peritissimi
807 2033 861 2086 hoc
887 2033 949 2087 loco
977 2033 1107 2089 exhibere

96 2131 220 2181 aequum
241 2116 297 2168 est:
325 2111 399 2183 „Der
416 2127 513 2181 grosse
530 2111 749 2179 grammatische
770 2111 846 2164 Eifer
864 2112 922 2164 und
939 2111 1041 2180 Fleiss,
1061 2113 1107 2167 die

99 2193 297 2248 umfasseuden
320 2190 550 2260 antiquarischen
573 2190 703 2258 Studien,
727 2189 773 2243 die
796 2206 851 2242 von
874 2190 929 2243 den
951 2190 1037 2244 Alten
1059 2209 1107 2260 ge·

99 2271 212 2326 nihmte
234 2273 291 2326 und
312 2271 385 2328 auch
407 2271 437 2325 in
461 2272 515 2326 den
538 2287 589 2324 uns
612 2286 667 2324 von
689 2270 778 2324 Varro
802 2268 966 2324 erhaltenen
984 2270 1108 2327 Werken

97 2353 158 2407 und
179 2352 365 2422 Fragmenten
395 2351 625 2406 hervortretende
647 2348 800 2403 Kenntniss
823 2349 873 2403 des
900 2349 1108 2407 Altrdmischen

97 2433 156 2488 und
174 2433 224 2487 der
244 2432 395 2487 italischen
413 2431 544 2486 Dialekte
562 2431 657 2485 wiirde
680 2429 740 2484 ihm
762 2429 912 2485 sicherlich
935 2432 1041 2486 sowohl
1063 2434 1108 2488 fiir

98 2514 144 2567 die
172 2512 339 2569 Geschichte
372 2513 422 2566 der
449 2510 751 2581 Sprachwissensohaft
782 2511 954 2582 uberhaupt,
983 2513 1025 2567 als
1057 2515 1107 2570 der

96 2592 254 2649 rdmisohen
280 2591 404 2662 Sprache
434 2590 617 2646 insbesondre
649 2590 730 2646 einen
761 2590 984 2646 unersetzlichen
1007 2593 1107 2648 Werth

96 2671 240 2728 verliehen
258 2672 368 2726 haben“
389 2671 566 2741 (Geschichte
585 2672 634 2725 der
653 2670 920 2741 Sprachwissensch.
940 2691 967 2743 p.
984 2678 1055 2744 167).

165 2752 207 2807 De
220 2751 301 2806 libris
311 2752 445 2807 Varronis
459 2751 651 2822 grammaticis
665 2750 821 2805 Bitschelio
835 2757 988 2821 praeeunte
1004 2755 1066 2825 (Op.
1078 2760 1106 2826 3)

97 2832 211 2903 scripsit
229 2831 374 2902 egregium
399 2849 469 2901 opus
487 2832 519 2887 Α.
538 2831 710 2901 Wilmanns‚
732 2832 767 2886 de
785 2832 822 2887 Μ.
842 2832 955 2888 Terenti
972 2835 1107 2892 Varronis

95 2913 176 2967 libris
189 2911 390 2982 grammaticis,
405 2911 494 2966 Berol.
505 2916 587 2978 18643
601 2911 688 2966 libros
702 2913 737 2966 de
746 2911 845 2982 lingua
854 2912 945 2966 latina
954 2914 1003 2982 qui
1013 2933 1108 2986 super-

97 2995 163 3047 sunt
176 2993 264 3046 V-X
282 2991 388 3061 optime
407 2991 498 3046 edidit
514 2991 617 3046 iterum
635 2991 779 3061 Spengelii
796 2991 870 3046 filius
888 2997 970 3062 patre
988 2999 1107 3053 mortuo.

166 3072 217 3128 His
235 3072 330 3140 libris,
349 3089 467 3140 quorum
485 3088 617 3126 numerus
641 3074 703 3127 erat
721 3072 811 3142 XXV,
836 3073 895 3127 sine
918 3074 1005 3130 dubio
1027 3092 1109 3144 prae·

93 3152 212 3208 miserat
230 3168 278 3207 eos
297 3151 347 3221 qui
366 3154 431 3206 suut
449 3153 484 3206 de
503 3152 675 3223 antiquitate
693 3152 860 3223 litterarum,
880 3153 914 3208 de
934 3154 1041 3223 origine
1055 3154 1107 3208 lin-

94 3250 168 3303 guae
195 3233 315 3302 latinae,
344 3233 378 3287 cle
404 3231 589 3288 similitudine
612 3233 772 3304 verborum,
802 3233 837 3289 de
860 3249 986 3287 sermone
1008 3231 1108 3305 latino,

91 3314 214 3368 fortasse
228 3313 315 3368 etiam
329 3313 364 3367 de
379 3314 497 3382 syntaxi.
522 3312 736 3370 domitabantur
750 3331 797 3369 eos
813 3313 935 3384 epitome
949 3314 978 3365 et
991 3311 1105 3369 libellus

93 3395 129 3448 de
152 3394 339 3464 grammatica
366 3392 407 3463 (in
432 3393 512 3448 libris
539 3394 677 3464 Discipl.).
718 3394 816 3448 Libros
844 3408 914 3460 quos
943 3389 1002 3445 dixi
1020 3391 1108 3449 V—ll

94 3473 219 3529 servavit
239 3490 294 3528 non
312 3472 437 3543 integros
456 3474 544 3528 codex
557 3473 735 3529 Florentinus
753 3473 784 3527 in
796 3469 971 3525 bibliotheca
984 3471 1108 3530 Lauren-
