<?xml version="1.0" encoding="UTF-8"?>
<!DOCTYPE html PUBLIC "-//W3C//DTD XHTML 1.0 Transitional//EN"
    "http://www.w3.org/TR/xhtml1/DTD/xhtml1-transitional.dtd">
<html xmlns="http://www.w3.org/1999/xhtml" xml:lang="en" lang="en">
 <head>
  <title>
</title>
<meta http-equiv="Content-Type" content="text/html;charset=utf-8" />
  <meta name='ocr-system' content='tesseract 3.04.00' />
  <meta name='ocr-capabilities' content='ocr_page ocr_carea ocr_par ocr_line ocrx_word'/>
</head>
<body>
  <div class='ocr_page' id='page_1' title='image "./cpliniisecundil00beckgoog_0014.png"; bbox 0 0 2476 3914; ppageno 0'>
   <div class='ocr_carea' id='block_1_1' title="bbox 389 197 1108 268">
    <p class='ocr_par' dir='ltr' id='par_1_1' title="bbox 389 197 1108 268">
     <span class='ocr_line' id='line_1_1' title="bbox 389 197 1108 268; baseline -0.004 -13"><span class='ocrx_word' id='word_1_1' title='bbox 389 198 638 256; x_wconf 72' lang='lat' dir='ltr'>commentariolus</span> <span class='ocrx_word' id='word_1_2' title='bbox 656 197 825 268; x_wconf 83' lang='lat' dir='ltr'>isagogicas.</span> <span class='ocrx_word' id='word_1_3' title='bbox 1069 199 1108 252; x_wconf 74' lang='lat' dir='ltr'>IX</span> 
     </span>
    </p>
   </div>
   <div class='ocr_carea' id='block_1_2' title="bbox 92 339 1108 3434">
    <p class='ocr_par' dir='ltr' id='par_1_2' title="bbox 92 339 1108 3367">
     <span class='ocr_line' id='line_1_2' title="bbox 167 339 1108 412; baseline 0 -15"><span class='ocrx_word' id='word_1_4' title='bbox 167 343 208 398; x_wconf 91' lang='lat' dir='ltr'>De</span> <span class='ocrx_word' id='word_1_5' title='bbox 223 342 314 398; x_wconf 91' lang='lat' dir='ltr'>initiis</span> <span class='ocrx_word' id='word_1_6' title='bbox 329 341 485 398; x_wconf 87' lang='lat' dir='ltr'>studiorum</span> <span class='ocrx_word' id='word_1_7' title='bbox 493 339 741 410; x_wconf 87' lang='lat' dir='ltr'>grammaticorum</span> <span class='ocrx_word' id='word_1_8' title='bbox 755 342 830 410; x_wconf 91' lang='lat' dir='ltr'>apud</span> <span class='ocrx_word' id='word_1_9' title='bbox 839 341 980 396; x_wconf 86' lang='lat' dir='ltr'>Romanos</span> <span class='ocrx_word' id='word_1_10' title='bbox 996 340 1108 412; x_wconf 74' lang='lat' dir='ltr'>scripsit</span> 
     </span>
     <span class='ocr_line' id='line_1_3' title="bbox 98 420 1107 493; baseline -0.001 -15"><span class='ocrx_word' id='word_1_11' title='bbox 98 423 257 493; x_wconf 79' lang='lat' dir='ltr'><strong>Suetonius,</strong></span> <span class='ocrx_word' id='word_1_12' title='bbox 273 439 291 476; x_wconf 92' lang='lat' dir='ltr'>a</span> <span class='ocrx_word' id='word_1_13' title='bbox 305 439 361 490; x_wconf 86' lang='lat' dir='ltr'>quo</span> <span class='ocrx_word' id='word_1_14' title='bbox 380 420 511 477; x_wconf 80' lang='lat' dir='ltr'>discimus</span> <span class='ocrx_word' id='word_1_15' title='bbox 526 420 650 475; x_wconf 90' lang='lat' dir='ltr'>studium</span> <span class='ocrx_word' id='word_1_16' title='bbox 663 421 866 490; x_wconf 84' lang='lat' dir='ltr'>grammaticae</span> <span class='ocrx_word' id='word_1_17' title='bbox 879 421 909 475; x_wconf 89' lang='lat' dir='ltr'>in</span> <span class='ocrx_word' id='word_1_18' title='bbox 923 422 1020 475; x_wconf 89' lang='lat' dir='ltr'>urbem</span> <span class='ocrx_word' id='word_1_19' title='bbox 1033 423 1107 477; x_wconf 90' lang='lat' dir='ltr'>intu-</span> 
     </span>
     <span class='ocr_line' id='line_1_4' title="bbox 96 500 1106 572; baseline 0.001 -16"><span class='ocrx_word' id='word_1_20' title='bbox 96 503 163 557; x_wconf 90' lang='lat' dir='ltr'>lisse</span> <span class='ocrx_word' id='word_1_21' title='bbox 178 504 291 558; x_wconf 82' lang='lat' dir='ltr'>Oratem</span> <span class='ocrx_word' id='word_1_22' title='bbox 304 501 447 572; x_wconf 89' lang='lat' dir='ltr'>Malloten,</span> <span class='ocrx_word' id='word_1_23' title='bbox 460 501 617 556; x_wconf 80' lang='lat' dir='ltr'>Aristarchi</span> <span class='ocrx_word' id='word_1_24' title='bbox 636 501 792 571; x_wconf 88' lang='lat' dir='ltr'>aequalem,</span> <span class='ocrx_word' id='word_1_25' title='bbox 811 500 884 556; x_wconf 91' lang='lat' dir='ltr'>inter</span> <span class='ocrx_word' id='word_1_26' title='bbox 902 503 1056 557; x_wconf 89' lang='lat' dir='ltr'>secundum</span> <span class='ocrx_word' id='word_1_27' title='bbox 1074 520 1106 557; x_wconf 90' lang='lat' dir='ltr'>ac</span> 
     </span>
     <span class='ocr_line' id='line_1_5' title="bbox 96 580 1106 653; baseline -0.001 -17"><span class='ocrx_word' id='word_1_28' title='bbox 96 584 214 637; x_wconf 90' lang='lat' dir='ltr'>tertium</span> <span class='ocrx_word' id='word_1_29' title='bbox 233 581 367 636; x_wconf 90' lang='lat' dir='ltr'>Punicum</span> <span class='ocrx_word' id='word_1_30' title='bbox 386 581 490 637; x_wconf 91' lang='lat' dir='ltr'>bellum</span> <span class='ocrx_word' id='word_1_31' title='bbox 511 582 562 635; x_wconf 83' lang='lat' dir='ltr'>rub</span> <span class='ocrx_word' id='word_1_32' title='bbox 580 581 672 652; x_wconf 84' lang='lat' dir='ltr'>ipram</span> <span class='ocrx_word' id='word_1_33' title='bbox 690 580 775 634; x_wconf 86' lang='lat' dir='ltr'>Ennii</span> <span class='ocrx_word' id='word_1_34' title='bbox 793 583 919 637; x_wconf 90' lang='lat' dir='ltr'>mortem.</span> <span class='ocrx_word' id='word_1_35' title='bbox 957 581 1106 653; x_wconf 77' lang='lat' dir='ltr'>Suetonius</span> 
     </span>
     <span class='ocr_line' id='line_1_6' title="bbox 97 660 1105 732; baseline 0.001 -18"><span class='ocrx_word' id='word_1_36' title='bbox 97 662 250 731; x_wconf 85' lang='lat' dir='ltr'>magistros</span> <span class='ocrx_word' id='word_1_37' title='bbox 269 660 332 715; x_wconf 88' lang='lat' dir='ltr'>illos</span> <span class='ocrx_word' id='word_1_38' title='bbox 349 660 503 716; x_wconf 87' lang='lat' dir='ltr'>iuventutis</span> <span class='ocrx_word' id='word_1_39' title='bbox 528 661 654 730; x_wconf 90' lang='lat' dir='ltr'>singulos</span> <span class='ocrx_word' id='word_1_40' title='bbox 672 661 702 714; x_wconf 89' lang='lat' dir='ltr'>in</span> <span class='ocrx_word' id='word_1_41' title='bbox 721 678 833 716; x_wconf 90' lang='lat' dir='ltr'>scenam</span> <span class='ocrx_word' id='word_1_42' title='bbox 851 661 989 730; x_wconf 77' lang='lat' dir='ltr'>producit,</span> <span class='ocrx_word' id='word_1_43' title='bbox 1008 663 1043 716; x_wconf 90' lang='lat' dir='ltr'>de</span> <span class='ocrx_word' id='word_1_44' title='bbox 1061 661 1105 732; x_wconf 91' lang='lat' dir='ltr'>iis,</span> 
     </span>
     <span class='ocr_line' id='line_1_7' title="bbox 100 740 1107 812; baseline 0.001 -18"><span class='ocrx_word' id='word_1_45' title='bbox 100 741 151 808; x_wconf 89' lang='lat' dir='ltr'>qui</span> <span class='ocrx_word' id='word_1_46' title='bbox 173 742 207 795; x_wconf 89' lang='lat' dir='ltr'>de</span> <span class='ocrx_word' id='word_1_47' title='bbox 225 740 321 810; x_wconf 89' lang='lat' dir='ltr'>lingua</span> <span class='ocrx_word' id='word_1_48' title='bbox 343 740 433 795; x_wconf 89' lang='lat' dir='ltr'>latina</span> <span class='ocrx_word' id='word_1_49' title='bbox 450 740 724 811; x_wconf 76' lang='lat' dir='ltr'>philosophabantur</span> <span class='ocrx_word' id='word_1_50' title='bbox 742 743 772 796; x_wconf 90' lang='lat' dir='ltr'>et</span> <span class='ocrx_word' id='word_1_51' title='bbox 785 741 871 795; x_wconf 85' lang='lat' dir='ltr'>libros</span> <span class='ocrx_word' id='word_1_52' title='bbox 887 741 1107 812; x_wconf 80' lang='lat' dir='ltr'>conscribebant,</span> 
     </span>
     <span class='ocr_line' id='line_1_8' title="bbox 99 819 1105 891; baseline 0.004 -18"><span class='ocrx_word' id='word_1_53' title='bbox 99 821 254 875; x_wconf 86' lang='lat' dir='ltr'>Varronem</span> <span class='ocrx_word' id='word_1_54' title='bbox 271 820 333 877; x_wconf 89' lang='lat' dir='ltr'>dico</span> <span class='ocrx_word' id='word_1_55' title='bbox 348 823 377 876; x_wconf 90' lang='lat' dir='ltr'>et</span> <span class='ocrx_word' id='word_1_56' title='bbox 389 819 537 889; x_wconf 82' lang='lat' dir='ltr'>Nigidium</span> <span class='ocrx_word' id='word_1_57' title='bbox 550 821 681 890; x_wconf 81' lang='lat' dir='ltr'>Figulum</span> <span class='ocrx_word' id='word_1_58' title='bbox 696 823 725 876; x_wconf 93' lang='lat' dir='ltr'>et</span> <span class='ocrx_word' id='word_1_59' title='bbox 738 822 860 876; x_wconf 91' lang='lat' dir='ltr'>Plinium</span> <span class='ocrx_word' id='word_1_60' title='bbox 875 821 1040 891; x_wconf 85' lang='lat' dir='ltr'>Secundum,</span> <span class='ocrx_word' id='word_1_61' title='bbox 1056 839 1105 877; x_wconf 91' lang='lat' dir='ltr'>sno</span> 
     </span>
     <span class='ocr_line' id='line_1_9' title="bbox 103 899 1106 972; baseline 0.002 -19"><span class='ocrx_word' id='word_1_62' title='bbox 103 899 162 954; x_wconf 88' lang='lat' dir='ltr'>iure</span> <span class='ocrx_word' id='word_1_63' title='bbox 180 903 229 953; x_wconf 90' lang='lat' dir='ltr'>aut</span> <span class='ocrx_word' id='word_1_64' title='bbox 245 915 336 969; x_wconf 90' lang='lat' dir='ltr'>panca</span> <span class='ocrx_word' id='word_1_65' title='bbox 355 899 425 954; x_wconf 89' lang='lat' dir='ltr'>dicit</span> <span class='ocrx_word' id='word_1_66' title='bbox 443 903 494 954; x_wconf 89' lang='lat' dir='ltr'>aut</span> <span class='ocrx_word' id='word_1_67' title='bbox 510 902 596 955; x_wconf 88' lang='lat' dir='ltr'>tacet.</span> <span class='ocrx_word' id='word_1_68' title='bbox 633 900 737 956; x_wconf 80' lang='lat' dir='ltr'>Nostra</span> <span class='ocrx_word' id='word_1_69' title='bbox 754 902 846 972; x_wconf 89' lang='lat' dir='ltr'>magis</span> <span class='ocrx_word' id='word_1_70' title='bbox 864 901 983 956; x_wconf 88' lang='lat' dir='ltr'>interest</span> <span class='ocrx_word' id='word_1_71' title='bbox 1001 901 1036 955; x_wconf 89' lang='lat' dir='ltr'>de</span> <span class='ocrx_word' id='word_1_72' title='bbox 1053 901 1106 955; x_wconf 92' lang='lat' dir='ltr'>lin-</span> 
     </span>
     <span class='ocr_line' id='line_1_10' title="bbox 100 979 1107 1050; baseline 0.001 -15"><span class='ocrx_word' id='word_1_73' title='bbox 100 997 171 1050; x_wconf 87' lang='lat' dir='ltr'>guae</span> <span class='ocrx_word' id='word_1_74' title='bbox 198 980 287 1050; x_wconf 90' lang='lat' dir='ltr'>ipsius</span> <span class='ocrx_word' id='word_1_75' title='bbox 315 980 417 1034; x_wconf 90' lang='lat' dir='ltr'>studiis</span> <span class='ocrx_word' id='word_1_76' title='bbox 449 979 643 1036; x_wconf 86' lang='lat' dir='ltr'>subtilioribus</span> <span class='ocrx_word' id='word_1_77' title='bbox 676 980 745 1050; x_wconf 85' lang='lat' dir='ltr'>quid</span> <span class='ocrx_word' id='word_1_78' title='bbox 771 981 892 1035; x_wconf 77' lang='lat' dir='ltr'>Romani</span> <span class='ocrx_word' id='word_1_79' title='bbox 924 979 1046 1034; x_wconf 87' lang='lat' dir='ltr'>dixerint</span> <span class='ocrx_word' id='word_1_80' title='bbox 1078 985 1107 1036; x_wconf 91' lang='lat' dir='ltr'>et</span> 
     </span>
     <span class='ocr_line' id='line_1_11' title="bbox 99 1058 1106 1130; baseline 0 -15"><span class='ocrx_word' id='word_1_81' title='bbox 99 1061 260 1130; x_wconf 86' lang='lat' dir='ltr'>scripserint</span> <span class='ocrx_word' id='word_1_82' title='bbox 288 1063 317 1115; x_wconf 90' lang='lat' dir='ltr'>ct</span> <span class='ocrx_word' id='word_1_83' title='bbox 344 1058 531 1130; x_wconf 79' lang='lat' dir='ltr'>cogitaverint</span> <span class='ocrx_word' id='word_1_84' title='bbox 559 1061 667 1130; x_wconf 91' lang='lat' dir='ltr'>aliquid</span> <span class='ocrx_word' id='word_1_85' title='bbox 695 1062 837 1116; x_wconf 88' lang='lat' dir='ltr'>adnotare.</span> <span class='ocrx_word' id='word_1_86' title='bbox 883 1060 1004 1115; x_wconf 84' lang='lat' dir='ltr'>Romani</span> <span class='ocrx_word' id='word_1_87' title='bbox 1032 1061 1106 1115; x_wconf 90' lang='lat' dir='ltr'>enim</span> 
     </span>
     <span class='ocr_line' id='line_1_12' title="bbox 98 1140 1106 1211; baseline 0.001 -16"><span class='ocrx_word' id='word_1_88' title='bbox 98 1141 148 1195; x_wconf 93' lang='lat' dir='ltr'>ubi</span> <span class='ocrx_word' id='word_1_89' title='bbox 165 1140 305 1211; x_wconf 90' lang='lat' dir='ltr'>paulatim</span> <span class='ocrx_word' id='word_1_90' title='bbox 325 1142 362 1194; x_wconf 92' lang='lat' dir='ltr'>ad</span> <span class='ocrx_word' id='word_1_91' title='bbox 381 1140 487 1195; x_wconf 89' lang='lat' dir='ltr'>cultum</span> <span class='ocrx_word' id='word_1_92' title='bbox 505 1143 535 1194; x_wconf 92' lang='lat' dir='ltr'>et</span> <span class='ocrx_word' id='word_1_93' title='bbox 552 1141 757 1196; x_wconf 85' lang='lat' dir='ltr'>humanitatem</span> <span class='ocrx_word' id='word_1_94' title='bbox 775 1144 969 1211; x_wconf 89' lang='lat' dir='ltr'>pervenerunt,</span> <span class='ocrx_word' id='word_1_95' title='bbox 989 1144 1018 1196; x_wconf 93' lang='lat' dir='ltr'>et</span> <span class='ocrx_word' id='word_1_96' title='bbox 1036 1141 1106 1211; x_wconf 93' lang='lat' dir='ltr'>„Pu-</span> 
     </span>
     <span class='ocr_line' id='line_1_13' title="bbox 95 1221 1106 1292; baseline 0.001 -17"><span class='ocrx_word' id='word_1_97' title='bbox 95 1222 157 1278; x_wconf 91' lang='lat' dir='ltr'>nico</span> <span class='ocrx_word' id='word_1_98' title='bbox 177 1221 252 1276; x_wconf 91' lang='lat' dir='ltr'>bello</span> <span class='ocrx_word' id='word_1_99' title='bbox 272 1221 394 1276; x_wconf 91' lang='lat' dir='ltr'>secundo</span> <span class='ocrx_word' id='word_1_100' title='bbox 413 1221 495 1275; x_wconf 88' lang='lat' dir='ltr'>Musa</span> <span class='ocrx_word' id='word_1_101' title='bbox 513 1221 631 1291; x_wconf 90' lang='lat' dir='ltr'>pinnato</span> <span class='ocrx_word' id='word_1_102' title='bbox 650 1223 740 1292; x_wconf 88' lang='lat' dir='ltr'>gradu</span> <span class='ocrx_word' id='word_1_103' title='bbox 756 1225 760 1291; x_wconf 81' lang='grc' dir='ltr'>Ι</span> <span class='ocrx_word' id='word_1_104' title='bbox 776 1221 876 1276; x_wconf 88' lang='lat' dir='ltr'>intulit</span> <span class='ocrx_word' id='word_1_105' title='bbox 894 1237 924 1276; x_wconf 87' lang='lat' dir='ltr'>se</span> <span class='ocrx_word' id='word_1_106' title='bbox 942 1221 1106 1276; x_wconf 89' lang='lat' dir='ltr'>bellicosam</span> 
     </span>
     <span class='ocr_line' id='line_1_14' title="bbox 94 1300 1106 1373; baseline -0.001 -18"><span class='ocrx_word' id='word_1_107' title='bbox 94 1302 124 1355; x_wconf 84' lang='lat' dir='ltr'>in</span> <span class='ocrx_word' id='word_1_108' title='bbox 142 1302 256 1357; x_wconf 86' lang='lat' dir='ltr'>Romuli</span> <span class='ocrx_word' id='word_1_109' title='bbox 275 1305 388 1373; x_wconf 85' lang='lat' dir='ltr'>gentem</span> <span class='ocrx_word' id='word_1_110' title='bbox 410 1303 526 1371; x_wconf 89' lang='lat' dir='ltr'>feram“,</span> <span class='ocrx_word' id='word_1_111' title='bbox 549 1305 611 1356; x_wconf 89' lang='lat' dir='ltr'>tum</span> <span class='ocrx_word' id='word_1_112' title='bbox 632 1303 706 1358; x_wconf 91' lang='lat' dir='ltr'>ultro</span> <span class='ocrx_word' id='word_1_113' title='bbox 731 1317 792 1356; x_wconf 89' lang='lat' dir='ltr'>sese</span> <span class='ocrx_word' id='word_1_114' title='bbox 816 1301 852 1355; x_wconf 88' lang='lat' dir='ltr'>ad</span> <span class='ocrx_word' id='word_1_115' title='bbox 875 1300 1002 1369; x_wconf 87' lang='lat' dir='ltr'>linguam</span> <span class='ocrx_word' id='word_1_116' title='bbox 1026 1318 1106 1355; x_wconf 90' lang='lat' dir='ltr'>suam</span> 
     </span>
     <span class='ocr_line' id='line_1_15' title="bbox 95 1381 1106 1452; baseline -0.003 -15"><span class='ocrx_word' id='word_1_117' title='bbox 95 1383 258 1452; x_wconf 78' lang='lat' dir='ltr'>potiendam</span> <span class='ocrx_word' id='word_1_118' title='bbox 287 1385 316 1436; x_wconf 90' lang='lat' dir='ltr'>et</span> <span class='ocrx_word' id='word_1_119' title='bbox 344 1382 499 1436; x_wconf 84' lang='lat' dir='ltr'>limandum</span> <span class='ocrx_word' id='word_1_120' title='bbox 527 1382 721 1451; x_wconf 89' lang='lat' dir='ltr'>accingebant.</span> <span class='ocrx_word' id='word_1_121' title='bbox 757 1383 867 1450; x_wconf 89' lang='lat' dir='ltr'>Agmen</span> <span class='ocrx_word' id='word_1_122' title='bbox 895 1381 974 1435; x_wconf 89' lang='lat' dir='ltr'>ducit</span> <span class='ocrx_word' id='word_1_123' title='bbox 1000 1381 1106 1434; x_wconf 85' lang='lat' dir='ltr'>Ennius</span> 
     </span>
     <span class='ocr_line' id='line_1_16' title="bbox 94 1460 1106 1532; baseline -0.003 -15"><span class='ocrx_word' id='word_1_124' title='bbox 94 1465 192 1532; x_wconf 71' lang='lat' dir='ltr'>poeta,</span> <span class='ocrx_word' id='word_1_125' title='bbox 213 1463 296 1516; x_wconf 91' lang='lat' dir='ltr'>erant</span> <span class='ocrx_word' id='word_1_126' title='bbox 315 1460 504 1529; x_wconf 81' lang='lat' dir='ltr'>antiquissimi</span> <span class='ocrx_word' id='word_1_127' title='bbox 522 1461 567 1515; x_wconf 92' lang='lat' dir='ltr'>illi</span> <span class='ocrx_word' id='word_1_128' title='bbox 584 1464 664 1515; x_wconf 88' lang='lat' dir='ltr'>vates</span> <span class='ocrx_word' id='word_1_129' title='bbox 683 1464 712 1517; x_wconf 91' lang='lat' dir='ltr'>et</span> <span class='ocrx_word' id='word_1_130' title='bbox 729 1461 843 1531; x_wconf 89' lang='lat' dir='ltr'>linguae</span> <span class='ocrx_word' id='word_1_131' title='bbox 868 1461 988 1516; x_wconf 87' lang='lat' dir='ltr'>latinae&#39;</span> <span class='ocrx_word' id='word_1_132' title='bbox 999 1461 1106 1531; x_wconf 86' lang='lat' dir='ltr'>egregii</span> 
     </span>
     <span class='ocr_line' id='line_1_17' title="bbox 94 1539 1106 1609; baseline -0.003 -13"><span class='ocrx_word' id='word_1_133' title='bbox 94 1542 215 1596; x_wconf 87' lang='lat' dir='ltr'>cultores</span> <span class='ocrx_word' id='word_1_134' title='bbox 235 1543 264 1596; x_wconf 89' lang='lat' dir='ltr'>et</span> <span class='ocrx_word' id='word_1_135' title='bbox 284 1539 456 1609; x_wconf 88' lang='lat' dir='ltr'>semigraeci.</span> <span class='ocrx_word' id='word_1_136' title='bbox 494 1540 636 1606; x_wconf 82' lang='lat' dir='ltr'>Quantum</span> <span class='ocrx_word' id='word_1_137' title='bbox 655 1541 822 1596; x_wconf 83' lang='lat' dir='ltr'>differebant</span> <span class='ocrx_word' id='word_1_138' title='bbox 847 1558 864 1595; x_wconf 95' lang='lat' dir='ltr'>a</span> <span class='ocrx_word' id='word_1_139' title='bbox 883 1540 1011 1609; x_wconf 82' lang='lat' dir='ltr'>Graecis,</span> <span class='ocrx_word' id='word_1_140' title='bbox 1031 1542 1106 1609; x_wconf 88' lang='lat' dir='ltr'>apud</span> 
     </span>
     <span class='ocr_line' id='line_1_18' title="bbox 95 1619 1105 1691; baseline -0.004 -15"><span class='ocrx_word' id='word_1_141' title='bbox 95 1639 164 1690; x_wconf 90' lang='lat' dir='ltr'>quos</span> <span class='ocrx_word' id='word_1_142' title='bbox 192 1621 315 1691; x_wconf 88' lang='lat' dir='ltr'>primum</span> <span class='ocrx_word' id='word_1_143' title='bbox 342 1619 505 1690; x_wconf 89' lang='lat' dir='ltr'>philosophi</span> <span class='ocrx_word' id='word_1_144' title='bbox 530 1620 658 1690; x_wconf 88' lang='lat' dir='ltr'>linguam</span> <span class='ocrx_word' id='word_1_145' title='bbox 681 1620 856 1690; x_wconf 86' lang='lat' dir='ltr'>tractabant,</span> <span class='ocrx_word' id='word_1_146' title='bbox 885 1619 986 1674; x_wconf 90' lang='lat' dir='ltr'>deinde</span> <span class='ocrx_word' id='word_1_147' title='bbox 1014 1637 1105 1689; x_wconf 79' lang='lat' dir='ltr'>gram-</span> 
     </span>
     <span class='ocr_line' id='line_1_19' title="bbox 93 1699 1106 1771; baseline -0.003 -15"><span class='ocrx_word' id='word_1_148' title='bbox 93 1702 191 1757; x_wconf 89' lang='lat' dir='ltr'>matici</span> <span class='ocrx_word' id='word_1_149' title='bbox 220 1703 273 1756; x_wconf 93' lang='lat' dir='ltr'>hoc</span> <span class='ocrx_word' id='word_1_150' title='bbox 303 1719 373 1771; x_wconf 88' lang='lat' dir='ltr'>opus</span> <span class='ocrx_word' id='word_1_151' title='bbox 402 1700 605 1771; x_wconf 81' lang='lat' dir='ltr'>suscipiebant,</span> <span class='ocrx_word' id='word_1_152' title='bbox 635 1717 690 1768; x_wconf 91' lang='lat' dir='ltr'>quo</span> <span class='ocrx_word' id='word_1_153' title='bbox 717 1699 781 1754; x_wconf 90' lang='lat' dir='ltr'>usui</span> <span class='ocrx_word' id='word_1_154' title='bbox 808 1700 885 1755; x_wconf 90' lang='lat' dir='ltr'>vitae</span> <span class='ocrx_word' id='word_1_155' title='bbox 912 1700 983 1754; x_wconf 92' lang='lat' dir='ltr'>haec</span> <span class='ocrx_word' id='word_1_156' title='bbox 1010 1700 1106 1754; x_wconf 86' lang='lat' dir='ltr'>studia</span> 
     </span>
     <span class='ocr_line' id='line_1_20' title="bbox 94 1779 1105 1852; baseline -0.003 -15"><span class='ocrx_word' id='word_1_157' title='bbox 94 1784 272 1852; x_wconf 89' lang='lat' dir='ltr'>adaptarent.</span> <span class='ocrx_word' id='word_1_158' title='bbox 301 1783 342 1836; x_wconf 90' lang='lat' dir='ltr'>De</span> <span class='ocrx_word' id='word_1_159' title='bbox 361 1781 563 1851; x_wconf 79' lang='lat' dir='ltr'>orthographia</span> <span class='ocrx_word' id='word_1_160' title='bbox 582 1783 660 1836; x_wconf 89' lang='lat' dir='ltr'>certa</span> <span class='ocrx_word' id='word_1_161' title='bbox 676 1783 831 1850; x_wconf 89' lang='lat' dir='ltr'>praecepta</span> <span class='ocrx_word' id='word_1_162' title='bbox 844 1780 963 1835; x_wconf 90' lang='lat' dir='ltr'>condere</span> <span class='ocrx_word' id='word_1_163' title='bbox 976 1779 1105 1850; x_wconf 86' lang='lat' dir='ltr'>inprimis</span> 
     </span>
     <span class='ocr_line' id='line_1_21' title="bbox 94 1857 1106 1934; baseline -0.005 -16"><span class='ocrx_word' id='word_1_164' title='bbox 94 1857 164 1934; x_wconf 84' lang='lat' dir='ltr'>opus</span> <span class='ocrx_word' id='word_1_165' title='bbox 189 1866 262 1931; x_wconf 80' lang='lat' dir='ltr'>erat3</span> <span class='ocrx_word' id='word_1_166' title='bbox 286 1880 352 1916; x_wconf 90' lang='lat' dir='ltr'>usus</span> <span class='ocrx_word' id='word_1_167' title='bbox 375 1862 510 1930; x_wconf 91' lang='lat' dir='ltr'>loquendi</span> <span class='ocrx_word' id='word_1_168' title='bbox 531 1863 734 1931; x_wconf 82' lang='lat' dir='ltr'>fluctuabatur,</span> <span class='ocrx_word' id='word_1_169' title='bbox 758 1864 790 1915; x_wconf 91' lang='lat' dir='ltr'>ut</span> <span class='ocrx_word' id='word_1_170' title='bbox 816 1863 919 1930; x_wconf 89' lang='lat' dir='ltr'>poetae</span> <span class='ocrx_word' id='word_1_171' title='bbox 945 1860 1002 1930; x_wconf 87' lang='lat' dir='ltr'>ipsi</span> <span class='ocrx_word' id='word_1_172' title='bbox 1025 1877 1106 1914; x_wconf 90' lang='lat' dir='ltr'>suam</span> 
     </span>
     <span class='ocr_line' id='line_1_22' title="bbox 93 1939 1106 2013; baseline -0.004 -16"><span class='ocrx_word' id='word_1_173' title='bbox 93 1943 220 2013; x_wconf 90' lang='lat' dir='ltr'>linguam</span> <span class='ocrx_word' id='word_1_174' title='bbox 245 1942 327 2010; x_wconf 89' lang='lat' dir='ltr'>quasi</span> <span class='ocrx_word' id='word_1_175' title='bbox 350 1959 443 1997; x_wconf 89' lang='lat' dir='ltr'>creare</span> <span class='ocrx_word' id='word_1_176' title='bbox 467 1945 496 1997; x_wconf 90' lang='lat' dir='ltr'>et</span> <span class='ocrx_word' id='word_1_177' title='bbox 514 1958 651 2012; x_wconf 88' lang='lat' dir='ltr'>apparare</span> <span class='ocrx_word' id='word_1_178' title='bbox 670 1941 812 1996; x_wconf 88' lang='lat' dir='ltr'>deberent.</span> <span class='ocrx_word' id='word_1_179' title='bbox 849 1940 973 1995; x_wconf 86' lang='lat' dir='ltr'>Maxima</span> <span class='ocrx_word' id='word_1_180' title='bbox 991 1939 1106 2009; x_wconf 91' lang='lat' dir='ltr'>quidem</span> 
     </span>
     <span class='ocr_line' id='line_1_23' title="bbox 93 2019 1106 2089; baseline -0.001 -14"><span class='ocrx_word' id='word_1_181' title='bbox 93 2023 149 2077; x_wconf 86' lang='lat' dir='ltr'>fuit</span> <span class='ocrx_word' id='word_1_182' title='bbox 176 2022 293 2076; x_wconf 90' lang='lat' dir='ltr'>licentia</span> <span class='ocrx_word' id='word_1_183' title='bbox 322 2024 449 2076; x_wconf 90' lang='lat' dir='ltr'>veterum</span> <span class='ocrx_word' id='word_1_184' title='bbox 476 2025 548 2077; x_wconf 91' lang='lat' dir='ltr'>teste</span> <span class='ocrx_word' id='word_1_185' title='bbox 571 2021 662 2076; x_wconf 90' lang='lat' dir='ltr'>Plinio</span> <span class='ocrx_word' id='word_1_186' title='bbox 690 2021 817 2077; x_wconf 87' lang='lat' dir='ltr'>Secundo</span> <span class='ocrx_word' id='word_1_187' title='bbox 845 2020 920 2089; x_wconf 88' lang='lat' dir='ltr'>apud</span> <span class='ocrx_word' id='word_1_188' title='bbox 948 2019 1106 2076; x_wconf 74' lang='lat' dir='ltr'>charisium</span> 
     </span>
     <span class='ocr_line' id='line_1_24' title="bbox 95 2100 1107 2170; baseline -0.002 -14"><span class='ocrx_word' id='word_1_189' title='bbox 95 2109 156 2170; x_wconf 85' lang='lat'>118,</span> <span class='ocrx_word' id='word_1_190' title='bbox 172 2108 218 2155; x_wconf 78' lang='lat'>19:</span> <span class='ocrx_word' id='word_1_191' title='bbox 239 2101 333 2170; x_wconf 87' lang='lat' dir='ltr'>„quod</span> <span class='ocrx_word' id='word_1_192' title='bbox 352 2100 376 2154; x_wconf 90' lang='lat' dir='ltr'>si</span> <span class='ocrx_word' id='word_1_193' title='bbox 393 2118 493 2155; x_wconf 87' lang='lat' dir='ltr'>manus</span> <span class='ocrx_word' id='word_1_194' title='bbox 511 2104 637 2156; x_wconf 88' lang='lat' dir='ltr'>veterum</span> <span class='ocrx_word' id='word_1_195' title='bbox 654 2100 786 2157; x_wconf 89' lang='lat' dir='ltr'>licentiae</span> <span class='ocrx_word' id='word_1_196' title='bbox 804 2100 992 2169; x_wconf 81' lang='lat' dir='ltr'>porrigemus,</span> <span class='ocrx_word' id='word_1_197' title='bbox 1010 2102 1107 2169; x_wconf 90' lang='lat' dir='ltr'>potest</span> 
     </span>
     <span class='ocr_line' id='line_1_25' title="bbox 96 2178 1105 2247; baseline -0.002 -12"><span class='ocrx_word' id='word_1_198' title='bbox 96 2185 125 2235; x_wconf 88' lang='lat' dir='ltr'>et</span> <span class='ocrx_word' id='word_1_199' title='bbox 145 2180 239 2247; x_wconf 87' lang='lat' dir='ltr'>copies</span> <span class='ocrx_word' id='word_1_200' title='bbox 258 2181 287 2232; x_wconf 90' lang='lat' dir='ltr'>et</span> <span class='ocrx_word' id='word_1_201' title='bbox 305 2179 498 2233; x_wconf 89' lang='lat' dir='ltr'>observanties</span> <span class='ocrx_word' id='word_1_202' title='bbox 517 2182 546 2233; x_wconf 91' lang='lat' dir='ltr'>et</span> <span class='ocrx_word' id='word_1_203' title='bbox 563 2180 772 2235; x_wconf 82' lang='lat' dir='ltr'>benevolentias</span> <span class='ocrx_word' id='word_1_204' title='bbox 792 2178 874 2233; x_wconf 87' lang='lat' dir='ltr'>dici“.</span> <span class='ocrx_word' id='word_1_205' title='bbox 901 2178 980 2242; x_wconf 81' lang='lat' dir='ltr'>Quod</span> <span class='ocrx_word' id='word_1_206' title='bbox 998 2179 1028 2232; x_wconf 89' lang='lat' dir='ltr'>in</span> <span class='ocrx_word' id='word_1_207' title='bbox 1042 2195 1105 2233; x_wconf 89' lang='lat' dir='ltr'>con-</span> 
     </span>
     <span class='ocr_line' id='line_1_26' title="bbox 95 2256 1106 2328; baseline 0 -16"><span class='ocrx_word' id='word_1_208' title='bbox 95 2257 248 2314; x_wconf 89' lang='lat' dir='ltr'>stituendis</span> <span class='ocrx_word' id='word_1_209' title='bbox 275 2257 476 2311; x_wconf 88' lang='lat' dir='ltr'>vocabulorum</span> <span class='ocrx_word' id='word_1_210' title='bbox 498 2258 595 2312; x_wconf 81' lang='lat' dir='ltr'>formis</span> <span class='ocrx_word' id='word_1_211' title='bbox 618 2259 752 2328; x_wconf 87' lang='lat' dir='ltr'>analogia</span> <span class='ocrx_word' id='word_1_212' title='bbox 774 2256 956 2326; x_wconf 86' lang='lat' dir='ltr'>praesidebat</span> <span class='ocrx_word' id='word_1_213' title='bbox 977 2276 1034 2312; x_wconf 90' lang='lat' dir='ltr'>non</span> <span class='ocrx_word' id='word_1_214' title='bbox 1056 2258 1106 2313; x_wconf 89' lang='lat' dir='ltr'>mi-</span> 
     </span>
     <span class='ocr_line' id='line_1_27' title="bbox 96 2336 1106 2407; baseline -0.001 -14"><span class='ocrx_word' id='word_1_215' title='bbox 96 2356 200 2393; x_wconf 88' lang='lat' dir='ltr'>ramur.</span> <span class='ocrx_word' id='word_1_216' title='bbox 238 2337 336 2391; x_wconf 85' lang='lat' dir='ltr'>Testes</span> <span class='ocrx_word' id='word_1_217' title='bbox 356 2339 421 2391; x_wconf 89' lang='lat' dir='ltr'>sunt</span> <span class='ocrx_word' id='word_1_218' title='bbox 437 2337 487 2392; x_wconf 90' lang='lat' dir='ltr'>ille</span> <span class='ocrx_word' id='word_1_219' title='bbox 506 2337 682 2392; x_wconf 87' lang='lat' dir='ltr'>accusativus</span> <span class='ocrx_word' id='word_1_220' title='bbox 703 2336 884 2407; x_wconf 80' lang='lat' dir='ltr'>‘praecipem&#39;</span> <span class='ocrx_word' id='word_1_221' title='bbox 904 2337 979 2406; x_wconf 91' lang='lat' dir='ltr'>apud</span> <span class='ocrx_word' id='word_1_222' title='bbox 997 2336 1106 2392; x_wconf 90' lang='lat' dir='ltr'>Livium</span> 
     </span>
     <span class='ocr_line' id='line_1_28' title="bbox 93 2415 1102 2488; baseline -0.001 -15"><span class='ocrx_word' id='word_1_223' title='bbox 93 2416 298 2486; x_wconf 86' lang='lat' dir='ltr'>Andronicum,</span> <span class='ocrx_word' id='word_1_224' title='bbox 324 2417 440 2472; x_wconf 84' lang='lat' dir='ltr'>‘herem&#39;</span> <span class='ocrx_word' id='word_1_225' title='bbox 461 2418 537 2488; x_wconf 89' lang='lat' dir='ltr'>apud</span> <span class='ocrx_word' id='word_1_226' title='bbox 554 2416 706 2488; x_wconf 88' lang='lat' dir='ltr'>Naevium,</span> <span class='ocrx_word' id='word_1_227' title='bbox 729 2417 779 2472; x_wconf 88' lang='lat' dir='ltr'>ille</span> <span class='ocrx_word' id='word_1_228' title='bbox 797 2415 944 2486; x_wconf 82' lang='lat' dir='ltr'>genetivus</span> <span class='ocrx_word' id='word_1_229' title='bbox 965 2417 1102 2472; x_wconf 81' lang='lat' dir='ltr'>‘exerciti’</span> 
     </span>
     <span class='ocr_line' id='line_1_29' title="bbox 95 2497 1104 2569; baseline -0.001 -14"><span class='ocrx_word' id='word_1_230' title='bbox 95 2504 124 2555; x_wconf 89' lang='lat' dir='ltr'>et</span> <span class='ocrx_word' id='word_1_231' title='bbox 145 2497 246 2553; x_wconf 85' lang='lat' dir='ltr'>‘iteris’</span> <span class='ocrx_word' id='word_1_232' title='bbox 268 2500 343 2568; x_wconf 89' lang='lat' dir='ltr'>apud</span> <span class='ocrx_word' id='word_1_233' title='bbox 362 2499 489 2554; x_wconf 90' lang='lat' dir='ltr'>eundem.</span> <span class='ocrx_word' id='word_1_234' title='bbox 526 2498 658 2569; x_wconf 88' lang='lat' dir='ltr'>Perlegas</span> <span class='ocrx_word' id='word_1_235' title='bbox 681 2497 765 2553; x_wconf 86' lang='lat' dir='ltr'>velim</span> <span class='ocrx_word' id='word_1_236' title='bbox 783 2497 904 2552; x_wconf 89' lang='lat' dir='ltr'>Ennium</span> <span class='ocrx_word' id='word_1_237' title='bbox 928 2500 957 2553; x_wconf 91' lang='lat' dir='ltr'>et</span> <span class='ocrx_word' id='word_1_238' title='bbox 979 2498 1104 2554; x_wconf 87' lang='lat' dir='ltr'>invenies</span> 
     </span>
     <span class='ocr_line' id='line_1_30' title="bbox 94 2577 1103 2650; baseline 0.002 -17"><span class='ocrx_word' id='word_1_239' title='bbox 94 2577 240 2650; x_wconf 84' lang='lat' dir='ltr'>genetivus</span> <span class='ocrx_word' id='word_1_240' title='bbox 271 2579 408 2634; x_wconf 81' lang='lat' dir='ltr'>‘tumulti’</span> <span class='ocrx_word' id='word_1_241' title='bbox 438 2582 467 2635; x_wconf 89' lang='lat' dir='ltr'>et</span> <span class='ocrx_word' id='word_1_242' title='bbox 496 2579 646 2649; x_wconf 80' lang='lat' dir='ltr'>‘strepiti&#39;3</span> <span class='ocrx_word' id='word_1_243' title='bbox 674 2581 771 2650; x_wconf 91' lang='lat' dir='ltr'>stupes</span> <span class='ocrx_word' id='word_1_244' title='bbox 798 2578 829 2633; x_wconf 92' lang='lat' dir='ltr'>in</span> <span class='ocrx_word' id='word_1_245' title='bbox 858 2578 953 2633; x_wconf 80' lang='lat' dir='ltr'>‘solui&#39;</span> <span class='ocrx_word' id='word_1_246' title='bbox 979 2580 1103 2650; x_wconf 85' lang='lat' dir='ltr'>perfecto</span> 
     </span>
     <span class='ocr_line' id='line_1_31' title="bbox 94 2659 1103 2731; baseline 0.001 -16"><span class='ocrx_word' id='word_1_247' title='bbox 94 2661 192 2731; x_wconf 89' lang='lat' dir='ltr'>(soleo)</span> <span class='ocrx_word' id='word_1_248' title='bbox 212 2660 288 2729; x_wconf 87' lang='lat' dir='ltr'>apud</span> <span class='ocrx_word' id='word_1_249' title='bbox 307 2660 442 2716; x_wconf 84' lang='lat' dir='ltr'>Catonem</span> <span class='ocrx_word' id='word_1_250' title='bbox 460 2662 489 2715; x_wconf 88' lang='lat' dir='ltr'>et</span> <span class='ocrx_word' id='word_1_251' title='bbox 506 2660 640 2728; x_wconf 80' lang='lat' dir='ltr'>Ennium3</span> <span class='ocrx_word' id='word_1_252' title='bbox 660 2660 694 2715; x_wconf 91' lang='lat' dir='ltr'>cf.</span> <span class='ocrx_word' id='word_1_253' title='bbox 713 2661 802 2716; x_wconf 83' lang='lat' dir='ltr'>Varro</span> <span class='ocrx_word' id='word_1_254' title='bbox 823 2660 857 2714; x_wconf 90' lang='lat' dir='ltr'>de</span> <span class='ocrx_word' id='word_1_255' title='bbox 875 2659 927 2716; x_wconf 87' lang='lat'>1.1.</span> <span class='ocrx_word' id='word_1_256' title='bbox 943 2661 1020 2715; x_wconf 91' lang='lat' dir='ltr'>VIIII</span> <span class='ocrx_word' id='word_1_257' title='bbox 1040 2666 1103 2717; x_wconf 82' lang='lat'>107:</span> 
     </span>
     <span class='ocr_line' id='line_1_32' title="bbox 95 2740 1104 2812; baseline -0.001 -16"><span class='ocrx_word' id='word_1_258' title='bbox 95 2741 241 2812; x_wconf 88' lang='lat' dir='ltr'>„sequitur</span> <span class='ocrx_word' id='word_1_259' title='bbox 258 2744 291 2795; x_wconf 90' lang='lat' dir='ltr'>ut</span> <span class='ocrx_word' id='word_1_260' title='bbox 308 2743 414 2811; x_wconf 87' lang='lat' dir='ltr'>contra,</span> <span class='ocrx_word' id='word_1_261' title='bbox 433 2741 567 2809; x_wconf 90' lang='lat' dir='ltr'>quoniam</span> <span class='ocrx_word' id='word_1_262' title='bbox 581 2743 625 2796; x_wconf 90' lang='lat' dir='ltr'>est</span> <span class='ocrx_word' id='word_1_263' title='bbox 640 2742 752 2809; x_wconf 81' lang='lat' dir='ltr'>‘soleo’,</span> <span class='ocrx_word' id='word_1_264' title='bbox 766 2742 908 2810; x_wconf 87' lang='lat' dir='ltr'>oporteret</span> <span class='ocrx_word' id='word_1_265' title='bbox 925 2740 982 2795; x_wconf 90' lang='lat' dir='ltr'>dici</span> <span class='ocrx_word' id='word_1_266' title='bbox 998 2741 1104 2810; x_wconf 83' lang='lat' dir='ltr'>‘solui&#39;,</span> 
     </span>
     <span class='ocr_line' id='line_1_33' title="bbox 95 2819 1104 2890; baseline -0.002 -14"><span class='ocrx_word' id='word_1_267' title='bbox 95 2825 127 2876; x_wconf 91' lang='lat' dir='ltr'>ut</span> <span class='ocrx_word' id='word_1_268' title='bbox 148 2822 216 2876; x_wconf 85' lang='lat' dir='ltr'>Cato</span> <span class='ocrx_word' id='word_1_269' title='bbox 241 2822 269 2875; x_wconf 90' lang='lat' dir='ltr'>et</span> <span class='ocrx_word' id='word_1_270' title='bbox 291 2819 397 2875; x_wconf 84' lang='lat' dir='ltr'>Ennius</span> <span class='ocrx_word' id='word_1_271' title='bbox 421 2821 531 2890; x_wconf 89' lang='lat' dir='ltr'>scribit,</span> <span class='ocrx_word' id='word_1_272' title='bbox 554 2837 611 2876; x_wconf 91' lang='lat' dir='ltr'>non</span> <span class='ocrx_word' id='word_1_273' title='bbox 633 2823 666 2874; x_wconf 94' lang='lat' dir='ltr'>ut</span> <span class='ocrx_word' id='word_1_274' title='bbox 688 2819 759 2874; x_wconf 93' lang='lat' dir='ltr'>dicit</span> <span class='ocrx_word' id='word_1_275' title='bbox 776 2820 889 2890; x_wconf 88' lang='lat' dir='ltr'>volgus,</span> <span class='ocrx_word' id='word_1_276' title='bbox 916 2820 1015 2874; x_wconf 91' lang='lat' dir='ltr'>solitus</span> <span class='ocrx_word' id='word_1_277' title='bbox 1034 2838 1104 2888; x_wconf 90' lang='lat' dir='ltr'>sum,</span> 
     </span>
     <span class='ocr_line' id='line_1_34' title="bbox 96 2899 1105 2969; baseline -0.002 -14"><span class='ocrx_word' id='word_1_278' title='bbox 96 2901 212 2955; x_wconf 89' lang='lat' dir='ltr'>deberet</span> <span class='ocrx_word' id='word_1_279' title='bbox 231 2899 312 2956; x_wconf 89' lang='lat' dir='ltr'>dici“.</span> <span class='ocrx_word' id='word_1_280' title='bbox 348 2899 490 2955; x_wconf 89' lang='lat' dir='ltr'>Adverbia</span> <span class='ocrx_word' id='word_1_281' title='bbox 508 2900 539 2954; x_wconf 93' lang='lat' dir='ltr'>in</span> <span class='ocrx_word' id='word_1_282' title='bbox 557 2900 623 2955; x_wconf 87' lang='lat' dir='ltr'>-iter</span> <span class='ocrx_word' id='word_1_283' title='bbox 641 2900 773 2955; x_wconf 88' lang='lat' dir='ltr'>exeuntia</span> <span class='ocrx_word' id='word_1_284' title='bbox 790 2900 910 2954; x_wconf 84' lang='lat' dir='ltr'>Ennium</span> <span class='ocrx_word' id='word_1_285' title='bbox 934 2915 1105 2969; x_wconf 89' lang='lat' dir='ltr'>magnopere</span> 
     </span>
     <span class='ocr_line' id='line_1_35' title="bbox 95 2978 1102 3050; baseline -0.002 -17"><span class='ocrx_word' id='word_1_286' title='bbox 95 2981 275 3035; x_wconf 89' lang='lat' dir='ltr'>delectabant</span> <span class='ocrx_word' id='word_1_287' title='bbox 298 2979 493 3050; x_wconf 85' lang='lat' dir='ltr'>(iracunditer,</span> <span class='ocrx_word' id='word_1_288' title='bbox 516 2980 681 3050; x_wconf 88' lang='lat' dir='ltr'>ignaviter),</span> <span class='ocrx_word' id='word_1_289' title='bbox 710 2979 750 3034; x_wconf 88' lang='lat' dir='ltr'>sic</span> <span class='ocrx_word' id='word_1_290' title='bbox 773 2980 897 3034; x_wconf 87' lang='lat' dir='ltr'>Naevius</span> <span class='ocrx_word' id='word_1_291' title='bbox 922 2978 1102 3049; x_wconf 81' lang='lat' dir='ltr'>‘superbiter&#39;</span> 
     </span>
     <span class='ocr_line' id='line_1_36' title="bbox 93 3058 1104 3131; baseline -0.003 -18"><span class='ocrx_word' id='word_1_292' title='bbox 93 3060 240 3130; x_wconf 86' lang='lat' dir='ltr'>Non515,</span> <span class='ocrx_word' id='word_1_293' title='bbox 258 3066 299 3114; x_wconf 88' lang='lat'>10.</span> <span class='ocrx_word' id='word_1_294' title='bbox 336 3060 496 3114; x_wconf 85' lang='lat' dir='ltr'>Priscianus</span> <span class='ocrx_word' id='word_1_295' title='bbox 527 3079 554 3131; x_wconf 90' lang='lat' dir='ltr'>p.</span> <span class='ocrx_word' id='word_1_296' title='bbox 575 3066 675 3131; x_wconf 70' lang='lat' dir='ltr'>2ch</span> <span class='ocrx_word' id='word_1_297' title='bbox 709 3061 743 3114; x_wconf 89' lang='lat' dir='ltr'>de</span> <span class='ocrx_word' id='word_1_298' title='bbox 775 3060 912 3115; x_wconf 86' lang='lat' dir='ltr'>vocabulo</span> <span class='ocrx_word' id='word_1_299' title='bbox 946 3058 1104 3114; x_wconf 71' lang='lat' dir='ltr'>‘Samnis&#39;2</span> 
     </span>
     <span class='ocr_line' id='line_1_37' title="bbox 94 3137 1105 3210; baseline -0.002 -18"><span class='ocrx_word' id='word_1_300' title='bbox 94 3139 193 3209; x_wconf 87' lang='lat' dir='ltr'>„huius</span> <span class='ocrx_word' id='word_1_301' title='bbox 216 3141 346 3192; x_wconf 87' lang='lat' dir='ltr'>neutrum</span> <span class='ocrx_word' id='word_1_302' title='bbox 364 3138 489 3193; x_wconf 80' lang='lat' dir='ltr'>Naevius</span> <span class='ocrx_word' id='word_1_303' title='bbox 510 3139 667 3194; x_wconf 82' lang='lat' dir='ltr'>‘Samnite’</span> <span class='ocrx_word' id='word_1_304' title='bbox 692 3140 811 3210; x_wconf 87' lang='lat' dir='ltr'>protulit</span> <span class='ocrx_word' id='word_1_305' title='bbox 832 3139 863 3193; x_wconf 90' lang='lat' dir='ltr'>in</span> <span class='ocrx_word' id='word_1_306' title='bbox 889 3140 1011 3194; x_wconf 91' lang='lat' dir='ltr'>carmine</span> <span class='ocrx_word' id='word_1_307' title='bbox 1035 3137 1105 3191; x_wconf 93' lang='lat' dir='ltr'>belli</span> 
     </span>
     <span class='ocr_line' id='line_1_38' title="bbox 92 3217 1104 3289; baseline -0.005 -16"><span class='ocrx_word' id='word_1_308' title='bbox 92 3218 216 3273; x_wconf 86' lang='lat' dir='ltr'>Punici“.</span> <span class='ocrx_word' id='word_1_309' title='bbox 253 3218 291 3271; x_wconf 85' lang='lat' dir='ltr'>Et</span> <span class='ocrx_word' id='word_1_310' title='bbox 317 3218 377 3272; x_wconf 89' lang='lat' dir='ltr'>veri</span> <span class='ocrx_word' id='word_1_311' title='bbox 405 3217 496 3272; x_wconf 89' lang='lat' dir='ltr'>simile</span> <span class='ocrx_word' id='word_1_312' title='bbox 519 3221 564 3274; x_wconf 89' lang='lat' dir='ltr'>est</span> <span class='ocrx_word' id='word_1_313' title='bbox 590 3219 681 3274; x_wconf 90' lang='lat' dir='ltr'>multa</span> <span class='ocrx_word' id='word_1_314' title='bbox 707 3219 832 3289; x_wconf 82' lang='lat' dir='ltr'>vulgaris</span> <span class='ocrx_word' id='word_1_315' title='bbox 863 3218 997 3273; x_wconf 89' lang='lat' dir='ltr'>sermonis</span> <span class='ocrx_word' id='word_1_316' title='bbox 1022 3231 1104 3270; x_wconf 90' lang='lat' dir='ltr'>voca-</span> 
     </span>
     <span class='ocr_line' id='line_1_39' title="bbox 93 3296 837 3367; baseline 0.003 -15"><span class='ocrx_word' id='word_1_317' title='bbox 93 3299 162 3352; x_wconf 90' lang='lat' dir='ltr'>bula</span> <span class='ocrx_word' id='word_1_318' title='bbox 181 3315 198 3351; x_wconf 92' lang='lat' dir='ltr'>a</span> <span class='ocrx_word' id='word_1_319' title='bbox 216 3296 308 3367; x_wconf 90' lang='lat' dir='ltr'>poetis</span> <span class='ocrx_word' id='word_1_320' title='bbox 327 3297 357 3351; x_wconf 93' lang='lat' dir='ltr'>in</span> <span class='ocrx_word' id='word_1_321' title='bbox 376 3298 500 3351; x_wconf 87' lang='lat' dir='ltr'>carmina</span> <span class='ocrx_word' id='word_1_322' title='bbox 519 3315 570 3354; x_wconf 90' lang='lat' dir='ltr'>sua</span> <span class='ocrx_word' id='word_1_323' title='bbox 587 3299 750 3354; x_wconf 89' lang='lat' dir='ltr'>introducta</span> <span class='ocrx_word' id='word_1_324' title='bbox 768 3316 837 3354; x_wconf 88' lang='lat' dir='ltr'>esse.</span> 
     </span>
    </p>

    <p class='ocr_par' dir='ltr' id='par_1_3' title="bbox 163 3376 1104 3434">
     <span class='ocr_line' id='line_1_40' title="bbox 163 3376 1104 3434; baseline -0.004 -1"><span class='ocrx_word' id='word_1_325' title='bbox 163 3379 285 3433; x_wconf 85' lang='lat' dir='ltr'>Ennium</span> <span class='ocrx_word' id='word_1_326' title='bbox 302 3394 437 3433; x_wconf 91' lang='lat' dir='ltr'>novorum</span> <span class='ocrx_word' id='word_1_327' title='bbox 455 3379 655 3434; x_wconf 88' lang='lat' dir='ltr'>vocabulorum</span> <span class='ocrx_word' id='word_1_328' title='bbox 672 3379 871 3434; x_wconf 88' lang='lat' dir='ltr'>fabricatorem</span> <span class='ocrx_word' id='word_1_329' title='bbox 895 3377 983 3429; x_wconf 71' lang='lat' dir='ltr'>finisse</span> <span class='ocrx_word' id='word_1_330' title='bbox 1005 3376 1104 3430; x_wconf 89' lang='lat' dir='ltr'>auctor</span> 
     </span>
    </p>
   </div>
   <div class='ocr_carea' id='block_1_3' title="bbox 93 3452 1105 3608">
    <p class='ocr_par' dir='ltr' id='par_1_4' title="bbox 93 3452 1105 3608">
     <span class='ocr_line' id='line_1_41' title="bbox 95 3452 1105 3529; baseline -0.005 -15"><span class='ocrx_word' id='word_1_331' title='bbox 95 3462 139 3514; x_wconf 88' lang='lat' dir='ltr'>est</span> <span class='ocrx_word' id='word_1_332' title='bbox 156 3461 290 3514; x_wconf 89' lang='lat' dir='ltr'>Horatius</span> <span class='ocrx_word' id='word_1_333' title='bbox 309 3458 342 3512; x_wconf 88' lang='lat' dir='ltr'>A.</span> <span class='ocrx_word' id='word_1_334' title='bbox 362 3456 392 3513; x_wconf 93' lang='lat' dir='ltr'>P.</span> <span class='ocrx_word' id='word_1_335' title='bbox 412 3463 445 3511; x_wconf 87' lang='grc'>56</span> <span class='ocrx_word' id='word_1_336' title='bbox 465 3503 471 3514; x_wconf 93' lang='grc'><strong><em>.</em></strong></span> <span class='ocrx_word' id='word_1_337' title='bbox 492 3502 498 3515; x_wconf 94' lang='grc'><strong>.</strong></span> <span class='ocrx_word' id='word_1_338' title='bbox 519 3503 524 3516; x_wconf 92' lang='grc'><strong>.</strong></span> <span class='ocrx_word' id='word_1_339' title='bbox 545 3477 608 3514; x_wconf 91' lang='lat' dir='ltr'>cum</span> <span class='ocrx_word' id='word_1_340' title='bbox 630 3461 728 3529; x_wconf 89' lang='lat' dir='ltr'>lingua</span> <span class='ocrx_word' id='word_1_341' title='bbox 751 3457 865 3512; x_wconf 80' lang='lat' dir='ltr'>Catonis</span> <span class='ocrx_word' id='word_1_342' title='bbox 888 3456 917 3508; x_wconf 89' lang='lat' dir='ltr'>et</span> <span class='ocrx_word' id='word_1_343' title='bbox 934 3452 1007 3506; x_wconf 82' lang='lat' dir='ltr'>Enni</span> <span class='ocrx_word' id='word_1_344' title='bbox 1023 3456 1027 3522; x_wconf 81' lang='grc' dir='ltr'>Ι</span> <span class='ocrx_word' id='word_1_345' title='bbox 1044 3453 1105 3509; x_wconf 81' lang='lat' dir='ltr'>Ser·</span> 
     </span>
     <span class='ocr_line' id='line_1_42' title="bbox 93 3532 1105 3608; baseline -0.008 -14"><span class='ocrx_word' id='word_1_346' title='bbox 93 3557 205 3596; x_wconf 90' lang='lat' dir='ltr'>monem</span> <span class='ocrx_word' id='word_1_347' title='bbox 222 3537 348 3608; x_wconf 90' lang='lat' dir='ltr'>patrium</span> <span class='ocrx_word' id='word_1_348' title='bbox 366 3537 500 3593; x_wconf 88' lang='lat' dir='ltr'>ditaverit</span> <span class='ocrx_word' id='word_1_349' title='bbox 519 3542 548 3593; x_wconf 89' lang='lat' dir='ltr'>et</span> <span class='ocrx_word' id='word_1_350' title='bbox 572 3554 646 3594; x_wconf 87' lang='lat' dir='ltr'>nova</span> <span class='ocrx_word' id='word_1_351' title='bbox 668 3532 918 3607; x_wconf 69' lang='lat' dir='ltr'>rerum1N0mina</span> <span class='ocrx_word' id='word_1_352' title='bbox 939 3532 1105 3602; x_wconf 78' lang='lat' dir='ltr'>protulerit?</span> 
     </span>
    </p>
   </div>
   <div class='ocr_carea' id='block_1_4' title="bbox 0 0 1242 3914">
    <p class='ocr_par' dir='ltr' id='par_1_5' title="bbox 0 0 1242 3914">
     <span class='ocr_line' id='line_1_43' title="bbox 0 0 1242 3914; baseline 0 1"><span class='ocrx_word' id='word_1_353' title='bbox 0 0 1242 3914; x_wconf 95' lang='lat' dir='ltr'> </span> 
     </span>
    </p>
   </div>
  </div>
 </body>
</html>
