2476 3914
208 191 250 246 De
268 191 471 263 orthographia
489 193 546 248 sive
567 193 602 249 de
621 192 714 248 dubiis
732 194 877 249 nominum
894 195 999 251 formis.
1067 197 1108 261 51

171 341 223 402 ch.
245 345 317 420 135,
333 345 351 402 3
370 343 487 402 Imber
503 347 540 403 ut
558 344 773 423 september,
793 346 924 423 october,
942 347 1110 425 november,

100 431 265 508 december,
283 435 378 509 pater,
398 435 503 510 mater,
521 434 622 510 frater,
642 437 790 511 equester,
804 434 946 511 quoniam
965 455 1042 512 quae
1055 455 1109 496 nec

101 521 304 580 conlationem
322 521 473 597 recipiunt
490 523 589 581 necin
602 524 703 581 neutri
717 523 834 600 generis
848 523 960 583 cadunt
972 525 1110 604 formam,

98 613 136 669 ut
159 608 278 668 Plinius
304 610 407 669 eodem
429 610 506 670 libro
526 610 568 669 VI
586 611 730 689 loquItur,
752 631 813 672 non
831 612 863 670 in
879 615 907 672 is
924 630 997 672 casu
1014 615 1109 674 nomi·

95 698 201 758 nativo
235 698 382 776 singulari
409 698 461 758 sed
483 700 515 756 in
537 720 554 759 r
577 700 685 759 debent
707 703 789 761 vocis
813 701 926 760 exitum
949 703 1064 760 ducere.
1136 719 1150 760 5

165 784 292 864 0195,
313 789 352 847 18
380 787 526 846 Inberbi
554 792 656 848 autem
689 788 845 865 dicuntur,
875 810 934 850 non
961 790 1109 851 inberbes

96 877 139 935 sic
159 877 238 935 enim
257 879 288 936 et
301 876 398 936 Varro
417 877 453 934 de
472 877 639 937 actionibus
659 879 786 939 scenicis
804 879 833 937 V
850 881 962 940 inberbi
979 883 1108 960 iuuenes,

96 965 148 1024 sed
176 968 207 1024 et
230 964 333 1025 Cicero
359 967 510 1025 imberbum
530 969 680 1045 perducit,
713 986 773 1027 non
795 968 963 1047 inberbem,
995 971 1026 1028 et
1047 968 1108 1028 Ka·

95 1055 193 1114 lendis
215 1054 365 1113 Ianuariis
389 1054 425 1113 (le
448 1055 515 1131 lege
539 1056 659 1132 agraria
681 1058 801 1117 tuburbo
823 1060 974 1119 iacentut.
1020 1058 1107 1118 Titus

97 1142 204 1202 Livius
228 1146 330 1202 autem
352 1142 456 1201 XVIII
477 1145 604 1204 inberbis
624 1147 820 1219 angulariter.
1121 1163 1148 1204 ro

163 1230 374 1306 Oh.135,10
411 1231 529 1307 Lepus
561 1233 686 1311 leporis,
718 1235 829 1311 lupus
860 1236 939 1313 lupi,
969 1236 1040 1313 quia
1071 1255 1108 1297 us

94 1319 182 1379 finita
207 1320 328 1381 nomina
354 1321 524 1380 masculina
551 1324 582 1380 et
614 1322 759 1381 feminina
786 1342 841 1399 per
867 1327 879 1383 c'
907 1325 956 1385 vel
987 1344 1042 1401 per
1071 1344 1108 1385 us

96 1405 165 1484 [aut
183 1428 237 1485 per
254 1406 294 1485 ts]
313 1410 431 1468 faciunt
448 1410 634 1487 genetivum,
652 1413 763 1470 neutra
780 1431 835 1488 per
852 1415 885 1471 is.
917 1412 1107 1488 excipiuntur

93 1498 126 1556 in
152 1498 324 1557 masculinis
346 1498 442 1576 Ligus
465 1492 594 1576 (lepus)
617 1502 714 1559 vetus.

162 1586 214 1645 Oh.
240 1578 317 1664 135,
342 1590 381 1646 13
415 1587 587 1646 Laterale
617 1607 656 1646 an
688 1587 867 1647 laterare?
905 1589 958 1647 ubi
986 1588 1105 1649 Plinius
1120 1605 1145 1646 15

94 1674 200 1736 eodem
228 1675 305 1735 libro
329 1675 372 1734 VI
405 1671 443 1735 ‘si
464 1696 481 1735 r
503 1677 607 1736 littera
635 1678 832 1752 praecesserit
858 1676 890 1735 in
916 1696 1105 1755 quacumque

93 1765 220 1842 syllaba,
244 1765 330 1842 sequi
353 1765 442 1824 debet
465 1767 483 1843 l,
505 1769 541 1825 ut
564 1767 719 1844 augurale.
760 1769 865 1826 contra
889 1767 914 1825 si
937 1769 947 1826 I
969 1786 1105 1842 praeces·

92 1855 176 1931 seut,
199 1855 284 1930 sequi
308 1853 397 1912 (lebet
418 1874 443 1926 r,
465 1857 502 1913 ut
524 1849 659 1916 molare'.
706 1856 786 1932 quod
809 1852 875 1936 περὶ
900 1851 1106 1937 ὀρθογραφίας

92 1943 236 2021 congruit
258 1942 485 2020 quaestionibus
509 1945 650 2020 copulare
674 1935 725 2025 (cf.
746 1943 797 2004 Ch.
819 1946 891 2022 118,
911 1936 977 2025 33).

160 2031 212 2092 Oh.
233 2034 305 2109 135,
327 2034 365 2091 17
390 2030 501 2090 Later
519 2051 557 2091 an
576 2033 717 2092 lateris.
746 2037 777 2092 et
795 2034 865 2091 huic
882 2033 1104 2092 nominativum
1118 2050 1145 2089 so

93 2122 277 2200 singularem
292 2120 444 2180 ablativus
458 2121 600 2180 restituet
614 2121 786 2198 singularis,
800 2121 826 2180 si
840 2139 854 2180 e
867 2121 1002 2179 litteram
1011 2115 1104 2198 <de>·

92 2213 201 2286 ponat:
226 2209 321 2268 Varro
345 2209 382 2267 de
405 2227 541 2268 sermone
559 2209 669 2268 Latino
688 2209 716 2265 V
740 2212 813 2269 luter
836 2211 927 2268 lutum
949 2211 1104 2282 laguncula.

160 2296 212 2358 Oh.
233 2299 305 2376 135,
326 2300 367 2358 20
390 2297 502 2356 Lacer
520 2316 558 2356 an
577 2296 730 2356 laceris?
757 2300 793 2356 ut
810 2300 904 2374 tener,
922 2316 1006 2373 puer.
1029 2297 1103 2356 ulti-

92 2407 174 2447 mam
206 2387 285 2446 enim
316 2387 452 2446 vocalem
484 2386 510 2444 si
541 2386 693 2445 ablativus
726 2386 873 2463 amiserit,
905 2385 990 2445 dabit
1028 2385 1103 2445 scire

92 2472 237 2554 <qualis>
270 2493 334 2535 esse
367 2475 475 2534 debeat
506 2476 718 2534 nominativus.
765 2473 891 2536 Ovidius
922 2475 1000 2534 mite
1026 2476 1143 2534 laceras

92 2582 231 2640 spurcam
253 2566 330 2642 Iocis,
359 2563 440 2641 quod
462 2563 507 2623 ita
530 2565 589 2623 dici
612 2559 742 2642 <debere
764 2559 817 2643 et>
841 2563 951 2623 Caesar
973 2564 1010 2622 de
1033 2582 1104 2622 ana·

93 2655 176 2734 logIa
197 2653 274 2712 libro
288 2652 320 2711 ΙΙ
342 2671 395 2712 nec
418 2672 478 2712 non
501 2656 532 2713 et
550 2654 679 2732 Valgius
703 2653 739 2713 de
762 2654 851 2713 rebus
869 2672 923 2730 per
941 2653 1104 2730 epistulam

92 2743 238 2820 quaesitis
261 2736 471 2821 <disp>utant

159 2831 212 2892 Ch.
238 2833 316 2909 136,
341 2833 381 2889 22
414 2830 530 2909 Mugil
562 2850 600 2890 an
631 2830 805 2909 mugilis?
849 2831 966 2890 Plinius
998 2832 1102 2891 ecdem

92 2921 170 2981 libro
194 2921 239 2979 VI
263 2915 323 2978 ‘hic
346 2913 463 2997 mugil',
486 2921 593 2998 inquit,
617 2914 665 2980 ‘ut
686 2921 774 2996 pugil
797 2922 829 2978 et
852 2919 936 2996 vigil.
968 2920 1102 2981 ablatIvc
1117 2937 1144 2976 ao

91 3011 172 3069 enim
195 3008 343 3087 singulari
361 3008 497 3068 detracta
515 3013 667 3085 postrema
684 3009 791 3085 vocali,
815 3009 936 3085 qualem
960 3011 1100 3083 oporteat

91 3099 312 3160 nominativum
330 3098 514 3175 singularem
533 3116 595 3157 esse
615 3099 759 3173 dinosces,
778 3100 814 3156 ut
827 3097 864 3156 ab
883 3097 939 3157 hoc
955 3089 1098 3156 consule'.

159 3187 212 3247 Oh.
230 3189 301 3259 139,
319 3188 357 3244 11
379 3185 493 3246 Oscen
512 3206 660 3265 augurum
680 3185 864 3246 consuetudo
883 3185 968 3261 dicit;
988 3180 1101 3244 ‘Cicero

90 3271 203 3336 tamen'
231 3275 332 3352 inquit
354 3275 470 3334 Plinius
498 3270 545 3335 ‘de
569 3275 704 3353 auguriis
728 3278 759 3334 et
781 3275 829 3334 hic
852 3273 985 3334 oscinis
1010 3267 1098 3332 dixit’

91 3358 142 3448 (cf.
162 3365 214 3425 Clu
235 3367 307 3442 105,
327 3354 371 3445 4).
1113 3376 1140 3417 as

159 3454 211 3515 Clu
231 3456 283 3531 88,
304 3455 345 3513 10
369 3452 542 3528 Supellex
564 3453 661 3530 magis
680 3452 861 3512 auctoritate
881 3450 992 3509 dicitur
1010 3468 1102 3526 quam

92 3544 220 3604 ratione.
258 3561 329 3601 nam
356 3560 415 3601 non
439 3540 527 3601 debet
549 3541 665 3601 duabus
689 3541 813 3618 syllabis
836 3540 904 3617 plus
928 3557 1060 3599 crescere
1083 3559 1102 3599 a

905 3637 940 3690 4*
