2476 3914
235 177 277 232 De
295 175 421 232 ablativo
441 177 577 248 singulari
594 177 697 233 tertiae
715 179 920 236 declinationis.
945 182 948 189 “
1045 180 1086 244 13

72 327 159 387 istud
174 326 205 388 0.
221 326 379 387 Gaesarem
394 328 510 388 dedisse
523 332 728 406 praeceptum,
748 328 828 403 quod
841 333 951 389 neutra
964 331 1086 391 nomina

73 437 112 478 ar
133 417 320 478 nominativo
345 418 449 476 elausa
471 438 524 493 per
542 422 553 477 1
571 418 709 479 dativum
732 417 958 495 ablativumque
983 421 1085 498 singu-

72 507 154 565 lares
188 507 360 582 ostendant3
392 505 480 565 iubar
511 509 614 566 tamen
645 507 683 565 ab
713 508 769 566 hac
799 509 905 584 regula
932 509 1085 570 dissidere.

72 613 146 655 nam
168 596 205 653 01
227 595 297 653 1010
319 594 418 654 iubari
437 595 572 673 dicimus,
595 597 633 654 ab
651 597 708 656 hoe
726 596 830 655 iubare
854 596 1012 656 dicendum
1031 602 1085 676 est,

72 688 112 743 ut
133 684 205 742 huic
227 684 302 742 fani
324 688 356 743 et
378 684 416 743 ab
439 685 495 743 hoo
517 685 605 744 fai-re.
1113 710 1126 750 5

143 771 196 831 Oh.
218 774 294 847 133,
315 775 355 833 23
379 774 576 834 100000010
599 773 696 832 Varro
720 773 756 832 de
779 773 869 832 rebus
892 774 1015 834 urbanis
1038 775 1086 834 ΠΙ

71 861 217 936 Spartaco
240 865 386 921 innocente
409 865 531 922 coniecto
554 865 594 922 ad
613 858 872 942 ql<adiatori>nn

142 949 195 1009 ch.
220 953 297 1029 133,
322 953 362 1012 25
395 951 594 1028 Inpotente
626 951 777 1029 Catullus,
810 955 919 1026 denen
944 955 1086 1026 innectente

74 1057 183 1116 amne,
207 1040 289 1116 quod
310 1040 355 1099 ita
379 1061 499 1117 quoque
523 1041 636 1101 dietum
658 1044 747 1101 notat
768 1041 893 1100 Plinius.

143 1126 195 1188 (lh.
217 1130 290 1206 134,
306 1131 324 1188 3
348 1130 564 1207 Insequenti
587 1131 710 1190 Asinius
727 1130 813 1190 Polio
832 1131 871 1189 ad
889 1129 1048 1191 Caesarem
1061 1132 1085 1210 Ι,
1100 1153 1126 1192 ro

71 1219 235 1290 inseqnentc'
257 1219 310 1277 die.

143 1297 210 1387 (Oh.
235 1308 311 1378 136,
332 1308 373 1365 22
410 1307 526 1384 Mugil
558 1327 596 1367 an
626 1306 796 1385 mugilis?
832 1307 949 1367 Plinius
982 1310 1086 1369 eodem

72 1394 152 1455 libro
176 1395 222 1454 VI
244 1389 303 1454 ‘hie
326 1391 434 1473 mugil'
457 1396 557 1473 inquit
584 1389 631 1455 ‘ut
657 1397 745 1473 pugil
768 1399 800 1455 et
820 1397 904 1473 vigil.
950 1397 1084 1457 ablativo

74 1485 157 1543 enim
180 1483 328 1561 singulari
351 1485 488 1544 detracta
509 1488 662 1561 postrema
687 1485 786 1544 vocali
806 1486 927 1560 qualem
946 1489 1086 1561 oporteat
1201 1483 1204 1489 ’

73 1573 297 1632 nominativum
315 1574 499 1650 singularem
519 1592 583 1633 esse
601 1574 744 1651 dinosces,
767 1576 803 1631 ut
821 1575 859 1632 ab
878 1574 934 1632 hoc
952 1575 1084 1633 consule.
1100 1596 1125 1634 ra

72 1663 224 1740 mugilum
247 1681 286 1721 00
303 1662 483 1740 mugilium?
511 1665 549 1721 01
565 1663 692 1741 vigilum
716 1666 747 1721 et
764 1663 913 1740 pugilum,
935 1663 1085 1741 mugilum

74 1770 197 1829 quoque
226 1750 284 1810 diei
311 1746 441 1827 putato'.
477 1755 639 1828 propterea
664 1753 768 1830 itaque
792 1752 960 1812 ablativum
983 1753 1084 1830 singu-

70 1841 169 1899 larem
192 1859 252 1900 non
275 1841 362 1899 ised
385 1859 399 1900 e
421 1841 525 1900 littera
548 1834 728 1923 terminari)

141 1928 193 1988 Ch.
216 1931 287 2006 136,
308 1932 348 1988 27
373 1930 476 1989 Molli
497 1951 662 2008 numquam
679 1950 734 2007 per
752 1949 766 1990 e
784 1931 917 1992 ablativo
936 1931 1085 2006 singulari

74 2017 194 2094 evadat,
218 2019 290 2094 quia
312 2019 467 2095 proprium
490 2019 523 2078 id
540 2040 648 2079 nomen
666 2020 794 2079 hominis
814 2039 877 2079 esse
896 2039 956 2078 non
975 2023 1083 2095 potest.
1098 2040 1125 2080 ao

142 2105 196 2167 Oh.
214 2109 342 2184 137,12
367 2109 466 2166 Mare
490 2107 587 2167 Varro
610 2109 647 2166 de
671 2112 760 2186 gente
778 2108 885 2184 populi
903 2109 1032 2166 Romani
1046 2108 1084 2185 ΙΙ,

72 2214 93 2254 0
110 2214 193 2255 mare
211 2201 311 2269 onena
328 2199 444 2274 oppida,
463 2216 517 2272 pro
537 2216 555 2255 a
573 2197 658 2268 mari,
677 2200 712 2256 ut
729 2197 822 2255 refert
840 2196 963 2254 Plinius.
996 2196 1084 2272 idem,

71 2284 188 2363 inquit,
215 2285 447 2362 antiquitatium
469 2286 669 2343 humanarum
691 2284 768 2343 libro
791 2284 864 2359 ΧΙΙ,
892 2287 928 2343 01
956 2284 1084 2358 Erythro

68 2374 161 2434 mere·
178 2377 247 2442 orti,
271 2377 302 2433 et
324 2375 356 2432 in
374 2375 532 2434 Fundanio
555 2377 587 2434 c'n
609 2391 691 2432 nare
714 2374 980 2446 aquamfrigidam
998 2375 1083 2449 eriri3

70 2460 220 2522 11001000
248 2482 384 2540 quoque,
412 2467 536 2538 cinqitnr
563 2480 680 2530 oceane,
708 2463 817 2536 Libyco
843 2479 937 2537 nare,
965 2464 1084 2534 flumine
1097 2481 1123 2521 25

71 2551 151 2612 Nilo.
185 2553 369 2612 consuetudo
393 2572 463 2614 vero
486 2572 541 2629 per
562 2556 574 2612 c'
596 2554 700 2612 locuta
722 2554 768 2611 001
791 2553 903 2611 contra
917 2550 1084 2610 finitionem

72 2659 165 2717 quam
188 2640 244 2699 sub
272 2641 364 2701 titulo
391 2642 471 2702 ruris
494 2642 578 2702 dixit.
623 2642 752 2702 Plautus
777 2641 808 2700 10
832 2640 1015 2719 Cistellaria,
1044 2658 1083 2700 se·

72 2731 166 2790 eunde
189 2735 271 2788 uento
293 2736 388 2790 neetns
411 2737 451 2791 001
470 2730 475 2806 Ι
496 2732 651 2804 tranquillo
673 2749 763 2791 nare.

140 2816 192 2878 Oh.
218 2820 328 2896 138‚1
357 2819 502 2893 Natale‚
531 2819 568 2878 01
595 2820 651 2880 100
673 2820 784 2879 Natale
814 2839 868 2895 per
891 2837 918 2897 e,
947 2819 972 2878 si
994 2820 1082 2880 homo

72 2907 127 2984 sit;
149 2907 257 2985 natali,
280 2909 305 2967 si
328 2909 390 2967 dies
413 2909 524 2968 natalis
547 2909 595 2969 sit.
1098 2927 1124 2966 eo

142 2994 194 3055 Oh.
211 2998 317 3072 13112
345 2997 491 3076 Νο1110,
510 2997 536 3056 01
558 2998 647 3056 homo
666 3000 799 3075 vocetur,
824 2997 956 3057 ablativo
978 3015 1033 3072 per
1056 3015 1082 3072 c3

72 3084 168 3145 nobili
191 3086 288 3145 sires
311 3086 414 3164 aliqua
436 3087 636 3164 praedicetur.

144 3255 299 3326 armare]
325 3255 359 3310 cf.
383 3254 432 3310 ch.
452 3262 493 3324 61,
509 3261 603 3325 1-16,
627 3255 712 3309 Prisc.
731 3260 853 3325 331,1a;
877 3255 913 3310 de
935 3253 1082 3308 Fundanio

73 3325 107 3382 cf.
130 3325 243 3380 Ritsehl
266 3326 316 3395 Op.
336 3331 365 3393 3,
385 3331 449 3396 393,
472 3334 538 3396 406,
557 3333 618 3381 409.
658 3326 818 3381 Verisimile
842 3328 886 3380 est
909 3327 938 3379 et
959 3323 1082 3392 reliquos

72 3396 162 3467 locos,
185 3397 236 3451 ubi
253 3396 387 3452 Varronis
405 3398 518 3452 Atacini
535 3415 637 3453 nomen
659 3397 808 3467 reperitur,
832 3394 917 3451 Plinii
936 3412 1004 3450 esse.
1041 3396 1083 3450 De

72 3468 127 3523 hac
159 3485 189 3523 re
217 3467 252 3523 cf.
280 3485 353 3538 quae
386 3469 445 3523 dixi
472 3469 544 3526 Berl.
572 3471 620 3540 ph.
647 3468 833 3524 Wochensoh.
862 3471 930 3522 1892
958 3465 1010 3521 Ne.
1039 3472 1082 3535 60,
