2476 3914
134 177 176 242 68
377 177 420 231 De
437 175 532 230 dubiis
550 175 700 245 generibus
718 179 748 230 et
764 174 896 230 numeris.

130 329 276 407 constitit,
295 327 368 405 quia
389 346 464 386 usus
482 327 546 386 eius
565 327 646 403 apud
659 330 777 386 ueteres
791 345 852 385 non
869 325 938 384 fuit.
966 328 999 385 et
1011 325 1052 384 M.
1066 325 1142 386 lies·

131 419 194 476 sala
217 417 254 475 de
277 417 404 477 Antonii
427 415 537 476 statuis
560 417 695 474 Antonii
716 419 793 489 repis
814 415 909 489 spolio
928 432 1091 489 yucaapee.

198 505 397 581 Cu131,19
421 505 557 565 Glnten
574 505 668 581 liare,
687 509 713 563 el
730 506 837 563 lentum
854 505 890 563 de
907 505 1009 563 cortice
1026 494 1141 584 eludet!

131 597 330 669 collectumque
351 597 421 655 boec
442 598 510 668 ipso
531 596 572 653 od
588 611 710 652 meroem
730 595 837 667 obdere.
870 594 916 652 est
935 595 1040 652 autem
1058 593 1145 669 qnasi

104 699 118 739 5
132 702 232 743 semen
251 688 377 744 stamen.
409 684 527 761 glutine
542 683 640 741 Varro
659 681 695 741 de
714 680 905 740 bibliothecis
920 683 1031 755 phetae
1044 680 1145 759 inquit

131 778 158 832 et
179 778 249 833 citro
271 776 378 849 refecit,
402 773 490 849 quasi
512 772 623 832 semine
646 771 782 830 stamine.
819 770 973 848 glutinum
989 769 1089 830 Varro
1114 770 1145 829 in

132 861 254 939 Scauro,
275 864 419 936 plotinum
442 862 543 938 inquit
563 857 665 936 tuscul
685 860 853 919 Daedalum
875 861 1033 936 memisse,
1057 859 1145 936 quasi

132 952 278 1028 gaudium
299 949 476 1027 praemium.
513 951 618 1026 itaque
642 949 806 1008 Sallustius
825 948 914 1007 istius
932 948 1035 1024 potius
1055 947 1145 1008 deeli-

132 1041 263 1098 nationis
281 1057 371 1097 usum
385 1042 507 1097 secutus
518 1041 629 1112 plutino
642 1038 744 1114 inquit
757 1039 964 1104 odokscebunl,
981 1039 1018 1096 ut
1031 1037 1143 1115 gaudio

92 1145 119 1185 10
132 1129 266 1204 praemio
290 1118 341 1208 (cf.
364 1148 394 1204 p.
414 1129 470 1187 54:
495 1126 547 1186 Ch.
568 1129 619 1203 87,
639 1118 704 1209 22).

198 1217 274 1275 Non.
287 1217 349 1276 208
366 1214 512 1294 Greges,
526 1219 561 1274 ut
572 1234 670 1293 saepe,
684 1215 802 1293 generis
816 1214 983 1274 masculini
1002 1214 1142 1273 feminini

131 1305 292 1365 Lucretius
314 1305 345 1364 Il
369 1354 375 1364 .
396 1352 429 1365 ..
453 1307 639 1378 buceriaeque
658 1323 758 1379 preces
781 1296 847 1384 (cu
869 1306 919 1381 92,
940 1295 1006 1386 31).

614 1469 647 1522 H

199 1571 251 1630 Ch.
273 1573 344 1648 103,
364 1574 403 1631 21
429 1571 577 1630 Harena
600 1571 712 1630 dicitur
734 1570 815 1647 quod
837 1570 970 1647 haereat,
994 1573 1026 1629 et
1049 1563 1141 1629 arena

93 1676 119 1715 15
133 1660 214 1736 quod
241 1664 338 1734 areat,
369 1661 486 1737 gratim
514 1664 616 1718 tamen
643 1679 711 1718 curn
739 1659 943 1735 adspiratione
970 1663 1068 1718 sonat
1114 1664 1144 1718 et

133 1767 200 1806 cum
223 1748 374 1824 pluralem
401 1767 461 1806 non
488 1747 612 1825 habeat,
639 1747 794 1825 Vergilius
816 1742 961 1825 (minen)
985 1748 1030 1806 ait
1056 1766 1143 1822 quom

132 1838 239 1895 clitellae
261 1837 393 1910 Zephyro
417 1838 572 1895 turbaretur
593 1837 720 1894 harenae
742 1828 1036 1919 (Ch.'102,1,14).

201 1923 253 1984 Oh.
270 1927 342 2002 102,
358 1927 400 1984 20
418 1923 531 1983 Heres
547 1942 656 2001 parens
669 1924 767 2003 homo,
786 1926 843 1984 etsi
861 1926 892 1984 in
907 1925 1060 1984 communi
1073 1944 1144 1986 sexu

134 2015 365 2091 intellegantur,
393 2017 496 2073 tanim
523 2014 689 2073 masculino
713 2033 822 2092 genere
851 2033 969 2090 semper
992 2014 1143 2075 dicuntur.

92 2118 119 2158 ao
134 2123 220 2162 nemo
245 2104 324 2162 enim
352 2106 406 2162 aut
433 2102 595 2162 secundam
622 2103 763 2162 herodem
785 2103 859 2162 dicit
882 2109 937 2162 aut
958 2103 1070 2163 bonam
1090 2123 1143 2181 pa·

132 2196 249 2251 rentem
271 2196 326 2251 aut
348 2194 461 2251 malam
487 2193 650 2271 hominem,
679 2194 732 2251 sed
754 2193 933 2269 masculine,
960 2193 1085 2253 tametsi
1107 2194 1142 2252 de

132 2282 245 2339 femina
272 2300 368 2341 sermo
395 2281 549 2340 habeatur.
593 2302 663 2340 nam
694 2282 814 2340 Marcus
846 2282 890 2340 ait
915 2282 1031 2342 heredes
1061 2285 1143 2356 ipsus

205 2472 238 2520 18
256 2466 367 2538 heres]
396 2473 429 2519 22
452 2485 518 2522 arom
541 2468 658 2523 Murcus
679 2470 722 2524 cit
750 2469 872 2524 ‘bordes
893 2469 971 2537 ipsus
991 2468 1140 2524 aucum’

134 2539 265 2606 corrupta
289 2539 362 2591 sunt.
399 2538 484 2591 Latet
506 2538 626 2592 fortasse
648 2537 679 2590 in
700 2539 812 2593 nomine
832 2539 989 2594 ‘Marcua'r
1014 2539 1141 2594 ‘Accius'

133 2607 174 2660 ita
193 2612 225 2660 ut
242 2626 269 2661 ur
287 2607 384 2661 littera
402 2622 453 2675 per
471 2607 693 2677 dittographiam
712 2613 774 2663 orte
794 2609 831 2663 sit
849 2613 894 2679 (ex
906 2614 1090 2680 cumaccscsi).
1108 2642 1143 2650 -

132 2694 160 2746 p.
176 2683 218 2743 69,
232 2683 250 2730 4
267 2681 334 2746 post
351 2681 449 2732 enutris
467 2677 602 2731 excidisse
622 2680 761 2746 quaedam
779 2680 852 2734 vidit
869 2679 986 2736 Keiliue.

205 2821 239 2869 14
256 2817 395 2890 harena]
424 2817 465 2873 De
493 2818 684 2888 adspiratione
713 2821 868 2890 complures
895 2821 952 2875 loci
979 2825 1046 2877 sunt
1067 2823 1144 2893 apud

133 2888 303 2958 Charisium,
328 2906 446 2958 quorum
469 2890 641 2959 antiquiores
660 2894 788 2946 auctores
808 2895 874 2946 sunt
895 2895 957 2947 turn
974 2892 1065 2948 Varro
1082 2897 1144 2949 tum

133 2958 247 3020 Verrius
261 2959 378 3015 Flaccus
392 2963 454 3015 tum
467 2961 554 3015 Iulius
569 2962 714 3017 Modestus
729 2962 789 3032 (Oh.
806 2968 905 3031 73,17;
925 2969 967 3033 96,
982 2970 1012 3034 9;
1032 2969 1074 3036 75,
1090 2970 1143 3032 13),

133 3030 170 3083 Hi
184 3035 281 3084 tumen
296 3035 361 3085 sunt
374 3031 431 3101 ipsi
441 3036 568 3087 auctores
579 3032 664 3086 Plinii
674 3033 801 3102 Secundi,
813 3035 861 3102 qui
875 3052 937 3090 cum
949 3036 996 3091 ‘de
1005 3036 1141 3108 orthogr?

135 3101 277 3172 scriberet,
292 3102 326 3157 de
341 3103 533 3227 adspiratione
546 3107 640 3159 tacere
654 3121 710 3158 non
724 3107 843 3174 poterat.
870 3107 969 3176 Itaque
983 3107 1052 3162 dum
1064 3106 1144 3163 nulla

135 3190 220 3227 causa
234 3173 376 3242 obstabat,
416 3191 465 3228 aec
479 3174 616 3229 Plinianis
629 3176 795 3246 fragmentis
809 3177 958 3232 inserenda
972 3194 1034 3233 csse
1048 3178 1145 3235 existi·

134 3244 254 3298 mabam.
292 3245 325 3298 In
346 3244 399 3298 hoc
423 3245 554 3300 lemmate
572 3247 657 3301 Plinii
680 3247 837 3302 doctrinam
859 3249 951 3304 inesse
969 3248 1146 3321 auspicamur

133 3318 296 3386 propterea,
320 3315 395 3384 quod
417 3316 441 3369 is
467 3334 547 3371 aures
572 3335 637 3373 suas
661 3319 805 3374 consulere
828 3338 885 3375 non
906 3320 1065 3377 desistebat
1093 3318 1144 3379 011.

136 3391 195 3454 123,
212 3389 247 3456 3).
284 3387 326 3441 De
345 3402 401 3455 qua
419 3403 448 3440 re
466 3387 556 3442 fusius
576 3388 718 3460 disputavi
740 3390 770 3443 in
789 3390 1032 3463 Quouemmluaa,
1072 3410 1075 3417 ·

134 3456 183 3509 ubi
200 3459 282 3526 plura
299 3457 462 3512 testimonia
486 3457 647 3517 afferuntur.
683 3460 880 3517 Differentiam
901 3460 909 3473 '

134 3529 323 3597 excogitatam
342 3545 403 3584 esse
422 3531 544 3584 testatur
562 3531 638 3588 Serv.
656 3531 695 3587 ad
711 3530 798 3607 Verg.
