2476 3914
141 168 184 233 34
565 168 607 224 De
625 169 718 223 verbo.

139 319 292 394 dicebant,
332 318 384 378 sed
420 319 452 376 in
488 319 599 395 plurali
634 319 749 396 primae
781 337 926 396 personae
964 321 1153 398 cacemphati

140 426 232 468 causa
251 408 389 468 solebant
406 427 461 485 per
478 408 681 484 anastrophen
694 408 791 468 dicere
807 402 985 468 ‘nobiscum'
998 429 1053 485 pro
1069 403 1151 469 ‘cum

138 490 245 556 nobis'.
274 497 379 574 itaque
397 500 521 573 propter
538 497 595 556 hoc
613 497 799 574 reliquarum
818 516 938 575 quoque
953 516 1152 573 personarum

141 586 291 646 ablativos
320 586 458 645 similiter
484 590 676 687 praepostere
708 586 843 662 proferre
875 590 1039 662 coeperunt
1070 590 1149 647 teste

111 675 244 786 sPlinio,
269 675 322 752 qui
339 675 422 733 hoc
414 695 446 732 ιιι
463 674 494 732 H
513 675 658 735 sermonis
677 675 761 733 dubii
780 678 827 734 ost
814 675 919 754 tendit,
898 679 975 735 tet
993 674 1149 753 Cicerone,

139 764 191 840 qui
214 759 261 822 de
286 755 411 823 oratore'
443 763 489 821 his
513 763 612 823 utitur
634 764 744 824 verbis:
772 757 955 825 99991999
957 783 1022 824 cam
1043 759 1099 824 me’
1125 723 1150 824 el

138 846 215 912 cam
237 847 273 912 l’e
302 854 408 920 dicere,
435 870 472 911 ae
495 854 592 911 eadem
620 858 742 926 coapata
724 855 819 912 alione
841 855 1056 927 adimpemium
1079 859 1150 914 esset

137 935 214 1001 ‘eam
240 934 343 1008 aobis',
370 942 421 1000 sed
441 943 542 1015 polius
569 935 700 1000 ‘mecam’
729 947 755 1002 et
781 935 894 1001 ‘tecam'
924 946 950 1001 ei
977 936 1147 1002 ‘uobiscum’

137 1032 275 1097 dirimas,
299 1023 388 1089 ‘cam'
405 1032 634 1107 praepositione,
657 1048 730 1103 qaae
752 1032 825 1104 facit
846 1033 1008 1106 96999999,
1033 1033 1149 1091 assidue

97 1134 123 1173 ιο
131 1121 299 1192 postposita.

203 1205 246 1267 cf.
270 1205 322 1266 Oh.
343 1209 394 1285 90,
415 1208 554 1285 30-91,
571 1208 611 1265 22
635 1205 716 1276 Quis.

492 1403 544 1474 Vl.
580 1403 628 1472 lle
655 1398 790 1474 verba*

357 1528 418 1616 (cf.
440 1536 577 1598 olomeo
598 1538 670 1613 994,
692 1528 927 1618 10-3ee,e.)

202 1651 299 1709 Diem
320 1653 392 1728 368,
413 1654 485 1711 3.
501 1663 629 1727 .parco,
653 1652 786 1729 peperci,
815 1652 866 1711 sed
890 1646 953 1711 et
955 1646 1048 1729 parsi’
1072 1655 1147 1732 legi·

95 1753 121 1794 15
136 1757 252 1816 mua,u
253 1697 444 1797 9Τ9ι999199
464 1757 548 1814 epoae
565 1744 605 1799 aii
606 1759 655 1799 am
667 1759 755 1814 parsi
750 1743 910 1815 perdere3
928 1741 1003 1800 item
1017 1742 1146 1802 Plautus

136 1786 231 1886 iaboli
253 1845 302 1901 epo
325 1829 473 1909 9999999
489 1831 651 1901 parciorem
674 1829 771 1888 libeas.
805 1830 846 1889 sie
870 1831 949 1889 enim
968 1831 1076 1890 melius
1096 1852 1144 1892 99

136 1920 222 1994 teres,
240 1916 331 1993 parsi,
346 1916 504 1976 declinant.
532 1935 601 1974 nam
614 1917 837 1995 parsimoniam,
855 1938 915 1978 non
928 1919 1147 1995 parcimoniam

135 2005 270 2064 dicimus.
311 2006 421 2067 volunt
450 2008 550 2064 autom
579 2006 702 2081 quidam
728 2008 917 2084 grammatici
946 2008 1079 2085 differre,
1109 2013 1147 2069 ut

133 2095 216 2170 parsi
235 2096 326 2154 semel
345 2094 419 2172 quid
437 2094 552 2152 factum
566 2094 724 2173 significet,
743 2097 864 2172 peperci
883 2099 985 2156 autem
1004 2100 1034 2155 et
1053 2100 1146 2157 semel

95 2199 120 2239 ao
135 2187 166 2242 99
189 2185 317 2260 saepius.
353 2184 428 2243 99919
447 2186 549 2242 autem
566 2185 762 2261 participium
780 2186 919 2243 futurum
936 2204 1090 2262 paramus,
1110 2191 1147 2248 99

135 2273 179 2332 919
201 2272 297 2333 Varro
321 2274 352 2331 in
374 2273 540 2332 Laterensi.
577 2273 629 2332 sed
652 2273 750 2333 Plinio
774 2274 920 2350 displicet.

200 2362 298 2422 Diom.
319 2364 395 2439 368,
415 2364 458 2420 24
486 2355 613 2444 (vendo)
639 2363 795 2438 passivum
823 2367 924 2423 autem
958 2363 1022 2422 eius
1050 2384 1144 2426 veneo

134 2451 224 2511 venii.
262 2453 307 2510 est
334 2453 435 2509 tamen
464 2451 544 2526 apud
572 2454 689 2512 veteres
717 2470 827 2512 veneor
851 2455 881 2511 99
903 2452 1044 2512 venditus
1068 2472 1145 2533 sum,

135 2542 165 2598 et
184 2539 264 2615 apud
277 2539 422 2597 Plautum
441 2557 489 2612 epo
507 2541 552 2598 iili
570 2557 688 2615 eamear,
707 2541 872 2599 Turranius
892 2540 928 2599 de
943 2541 1009 2618 agri
1023 2543 1145 2602 cultura

93 2640 119 2681 ιι
132 2628 230 2702 primo
253 2633 369 2700 patrem
395 2629 529 2701 familias
551 2629 704 2688 oeadaeem
726 2632 819 2702 mapis
841 2647 929 2702 qaam
951 2648 1075 2690 emacem
1098 2650 1145 2693 ea-

127 2717 209 2788 pedii
232 2733 299 2775 esse.
335 2734 405 2775 999
426 2717 458 2775 id
479 2717 581 2775 melias
604 2720 707 2777 emitur
729 2736 817 2790 paam
838 2721 959 2778 accitur.
1044 2787 1045 2790 Ἴ

200 2804 296 2863 Diom.
307 2806 379 2882 969,
392 2807 430 2865 15
442 2804 590 2865 Aemilius
599 2805 838 2866 Maceromaiam
847 2812 978 2867 999999
990 2811 1144 2884 aepieperii

204 2959 238 3008 14
251 2953 340 3011 Diom
352 2960 403 3010 368
405 2957 468 3028 ,19]
484 2956 518 3011 cf.
528 2956 613 3010 Prisc.
624 2962 684 3023 511,
695 2962 737 3025 25,
752 2957 851 3039 Naum.
861 2976 887 3027 p
900 2963 990 3013 54.—
1007 2966 1040 3014 22
1050 2959 1142 3016 Drom

133 3030 183 3079 368
186 3026 251 3097 ,26]
266 3000 417 3080 Turranius
428 3027 546 3082 Gracilis
562 3044 623 3082 esse
636 3000 755 3097 videtu’r,
771 3028 820 3096 qui
833 3028 863 3082 in
878 3029 962 3083 Plinii
974 3030 1008 3087 N
1019 3031 1052 3086 H.
1069 3049 1142 3086 com-

132 3096 259 3166 pluribus
278 3096 346 3151 locis
365 3097 497 3152 laudatur
516 3098 561 3168 (of.
580 3099 666 3154 Teuff.
687 3100 717 3154 R.
732 3099 762 3154 L.
765 3100 823 3154 -.⁶G
837 3106 887 3154 132
890 3107 945 3170 ,6)
978 3102 1059 3157 Alter
1073 3103 1143 3157 Tur·

131 3167 359 3297 9989ἶῖ99
374 3145 996 3325 911999999999]9999999999).
1008 3174 1143 3329 iolltl

133 3312 182 3365 sed
204 3310 327 3366 Licinius
350 3312 444 3366 Macer
468 3314 542 3367 teste
564 3312 707 3367 Prisciano
731 3318 796 3383 525,
810 3320 840 3383 4,
869 3314 919 3383 qui
942 3316 1056 3370 annales
1081 3316 1141 3372 eius

131 3382 243 3452 laudat,
270 3397 371 3438 nomen
394 3382 526 3437 vitiosum
550 3357 843 3466 et1pseperhibens'.
884 3385 1050 3442 Fortasse
1042 3405 1100 3441 ram
1124 3405 1141 3443 a

131 3452 223 3508 Plinio
241 3456 389 3524 peccatum
403 3456 472 3523 erat,
491 3453 595 3524 quippe
609 3454 658 3523 qui
671 3454 702 3508 in
715 3454 750 3510 N.
764 3456 798 3512 H.
815 3457 1004 3525 utrumque
977 3475 1069 3513 v1rum
1083 3476 1142 3515 non

131 3523 296 3579 discreverit
314 3523 412 3596 (Teuff.
429 3525 462 3582 R.
477 3525 507 3582 L
509 3524 568 3581 ·G⁶
586 3531 638 3580 226
641 3527 696 3596 5).
728 3526 812 3583 Falso
832 3527 989 3582 Maecenati
1009 3529 1142 3586 attribuit
