2476 3914
378 139 628 195 Commentariolus
647 140 817 212 isagogicus.
1035 145 1100 202 XXl

80 282 170 340 Plinii
193 281 277 336 simul
301 284 330 336 et
352 281 436 351 Capri
457 282 569 337 nomine
597 286 724 353 ornatur,
748 287 780 339 ut
803 302 837 339 ex
859 286 912 340 hoc
934 286 1098 356 labyrintho

80 365 130 420 vix
148 361 298 417 incolumis
313 361 463 430 quisquam
482 363 593 418 evadat.
623 363 707 433 Capri
724 364 884 435 fragmenta
903 385 992 436 nuper
1007 367 1098 422 edidit

83 445 117 501 G.
136 443 262 511 Keilius,
287 441 389 497 summi
411 442 501 511 patris
525 442 612 511 filius,
636 443 714 497 cuius
738 443 966 499 observationum
990 446 1020 500 in
1045 447 1099 501 hac

84 524 212 580 editione
231 521 369 577 rationem
388 521 538 576 habuimus
560 522 605 590 (cf.
620 522 693 578 Dies.
708 524 845 578 Halenses
863 524 888 577 X
904 530 972 580 1889
991 545 1018 596 p.
1028 532 1098 596 245).

157 602 289 672 Sequitur
307 601 395 655 Iulius
414 601 565 673 Romanus,
585 603 631 657 cui
649 620 698 674 per
713 603 868 658 Charisium
887 605 1022 661 maiorem
1040 607 1098 662 fere

80 682 314 739 Pliniilibrorum
323 681 506 749 reliquiarum
514 684 626 752 partem
635 683 778 740 debemus.
799 684 1098 756 Dehocgrammatico

84 761 217 834 egregins
240 764 320 817 extat
342 761 456 816 libellus
474 761 619 832 Proehdii,
639 764 673 817 de
694 763 722 820 C.
740 764 812 820 lulio
830 765 957 820 Romano
978 767 1099 821 Charisii

84 845 199 899 auctore
222 841 346 913 (Lipsiae
370 843 458 911 1892).
495 841 536 896 De
554 841 647 896 Plinio
672 843 799 899 Secundo
822 845 947 914 loquitur
968 865 995 916 p.
1011 852 1097 901 617-

86 924 147 980 632.
182 924 326 978 Romanus
344 922 516 990 postremus,
535 923 673 988 quantum
697 922 811 994 scimus,
831 924 918 979 libros
944 924 1024 979 dubii
1043 941 1099 979 ser·

83 1003 175 1058 monis
193 1003 318 1072 integros
337 1001 422 1070 vidit3
446 1000 495 1068 qui
518 1003 583 1070 post
606 1018 670 1055 eum
694 1002 866 1073 scripserunt
889 1022 923 1060 ex
945 1005 1023 1060 fonte
1041 1004 1097 1075 pri-

82 1084 174 1138 mario
192 1101 248 1137 non
267 1083 325 1136 iam
344 1098 396 1136 sua
414 1080 552 1136 libabant.
584 1083 683 1150 Itaque
702 1083 788 1136 Plinii
805 1084 942 1140 librorum
961 1086 1098 1154 antiquis-

83 1165 159 1218 sima
176 1161 353 1232 testimonia,
377 1160 478 1229 quibus
497 1161 580 1216 fidem
599 1162 703 1217 habere
722 1179 844 1232 aequum
863 1168 918 1235 est,
938 1170 1003 1221 sunt
1022 1168 1098 1236 apud

83 1242 305 1315 grammaticum
325 1239 432 1296 saeculi
444 1240 503 1295 fere
516 1241 602 1313 tertii,
618 1242 697 1297 cuius
711 1243 803 1313 operis
821 1244 941 1300 lacerati
954 1245 1097 1302 Charisius

79 1329 114 1395 (s.
130 1323 181 1394 IV)
200 1321 325 1378 servavit
342 1322 510 1390 fragmenta.
548 1320 690 1377 Charisius
713 1323 802 1392 igitur
824 1325 913 1379 totius
936 1326 1020 1380 huius
1040 1327 1097 1381 edi-

79 1404 168 1461 tionis
188 1401 271 1471 quasi
288 1401 502 1455 fundamentum
521 1402 565 1454 cst
583 1404 612 1456 et
630 1405 737 1456 certum
757 1404 1098 1460 subsidium-Nonium

80 1483 249 1539 Marcellum
267 1498 301 1538 ex
319 1481 381 1551 ipso
395 1480 487 1535 Plinio
507 1497 587 1534 suam
602 1480 767 1550 doctrinam,
782 1484 1030 1552 quantulacunque
1045 1489 1097 1555 est,

78 1562 265 1633 exscripsisse
287 1561 333 1617 vix
358 1560 493 1616 credibile
516 1562 567 1615 est.
606 1559 718 1614 Certum
744 1564 787 1616 est
801 1555 844 1617 'in
872 1563 965 1634 capite
993 1565 1028 1619 de
1055 1565 1098 1619 in-

82 1643 214 1701 discretis
243 1641 392 1713 generibus
419 1641 510 1694 multa
536 1639 668 1695 Pliniana
694 1642 794 1697 inesse.
831 1643 891 1697 Illis
923 1645 1096 1714 temporibus

82 1728 179 1780 autem
198 1722 285 1778 Plinii
303 1721 438 1776 librorum
456 1720 515 1775 iam
534 1721 646 1789 saepius
665 1724 746 1775 erant
769 1725 901 1792 excerpta
919 1723 1009 1796 lacta,
1029 1728 1061 1780 ut
1080 1743 1097 1780 a

79 1805 153 1860 Iulio
172 1804 300 1858 Romano
324 1803 353 1855 et
376 1800 473 1855 Flavio
493 1800 591 1870 Capro.
629 1801 760 1855 Pliniana
783 1802 870 1857 etiam
893 1803 923 1859 in
946 1805 1039 1875 capite
1057 1806 1097 1860 IV

78 1886 117 1940 de
134 1883 215 1940 varia
234 1881 439 1952 significatione
458 1881 593 1934 sermonis
612 1881 700 1952 latere
721 1883 853 1952 suspicor.
892 1883 998 1949 Quibus
1018 1886 1096 1940 auxi-

79 1964 128 2018 liis
160 1964 214 2018 hoc
246 1964 372 2030 tempore
403 1962 480 2015 locos
511 1960 655 2015 Plinianos
689 1963 764 2031 apud
794 1964 917 2018 Nonium
950 1966 1096 2035 explorare

79 2045 222 2116 cogimur,
244 2043 289 2097 his
313 2041 408 2096 nescio
436 2058 473 2095 an
499 2041 571 2096 nihil
598 2041 745 2097 lucremur.
782 2043 917 2097 Venimus
941 2045 979 2097 ad
1000 2043 1096 2098 Chari-

27 2143 35 2159 i
80 2127 166 2192 sium,
184 2123 357 2191 Diomedem,
377 2121 512 2190 Serrium,
532 2137 650 2189 quorum
667 2122 774 2190 primus
794 2138 828 2176 ex
842 2123 977 2191 Romano,
997 2122 1096 2177 Palae-

81 2219 167 2258 mone
184 2204 230 2271 (ex
241 2205 360 2270 utroque
373 2201 504 2255 Pliniana
519 2202 631 2268 sumpta
646 2204 731 2270 sunt),
751 2200 952 2270 Comminian0‚
972 2201 1044 2256 alter
1063 2220 1096 2258 ex

83 2281 216 2338 charisio
246 2285 274 2338 et
301 2281 366 2336 aliis
394 2280 587 2352 (Palaemone,
615 2280 745 2334 Terentio
774 2281 901 2350 Scauro),
929 2281 1029 2336 tertius
1062 2300 1097 2337 ex

82 2361 192 2434 ignotis
209 2361 333 2418 fontibus
351 2361 483 2415 Pliniana
501 2360 604 2415 hausit.
641 2359 790 2414 Diomedes
808 2362 920 2430 praeter
939 2360 1097 2417 Charisium

80 2444 177 2514 ipsum
197 2441 283 2498 etiam
301 2442 361 2499 eius
379 2442 488 2496 fontem
505 2439 670 2509 primarium
689 2440 825 2511 inspexit,
845 2442 920 2509 quod
938 2443 1048 2512 leepius
1067 2446 1097 2498 et

80 2525 112 2578 in
131 2524 204 2580 Mus.
223 2523 312 2578 Rhen.
327 2528 362 2576 44
382 2525 473 2592 (1889)
493 2525 521 2576 et
539 2539 628 2592 nuper
646 2520 677 2575 in
694 2521 767 2576 libro
787 2537 836 2576 suo
856 2522 910 2576 Zur
928 2522 1095 2580 Ceschichte

81 2606 133 2660 der
150 2605 240 2659 Lehre
268 2621 324 2658 von
348 2604 403 2657 den
425 2602 611 2657 Redetheilen
637 2602 684 2657 bei
707 2603 761 2656 den
789 2601 976 2658 lateinischen
998 2604 1096 2659 Gram-

82 2684 227 2738 matikern
249 2703 276 2754 p.
293 2689 326 2738 56
345 2702 373 2738 u.
388 2701 409 2738 s.
423 2701 457 2737 w.
478 2682 547 2737 satis
571 2682 657 2736 firmis
681 2683 855 2752 argumentis
878 2687 1025 2739 exsecutus
1045 2689 1096 2742 est.

78 2764 163 2818 Anno
181 2763 240 2819 fere
258 2768 312 2817 400
331 2762 445 2832 scripsit
462 2762 638 2833 Papinianus,
658 2763 736 2817 euius
755 2763 821 2817 libri
840 2764 874 2817 de
893 2765 1096 2835 orthographia

80 2845 246 2912 excerptum
265 2846 344 2898 extat
364 2844 439 2912 apud
459 2843 656 2897 Cassiodorum
674 2843 718 2913 (K.
736 2843 789 2899 VII
809 2846 883 2913 ise),
902 2844 932 2897 in
950 2844 1004 2899 hoe
1023 2845 1095 2902 libro

80 2939 174 2995 pauca
203 2939 237 2977 ex
264 2921 355 2977 Plinio
382 2922 474 2992 petita
506 2922 625 2977 inveniri
658 2923 728 2978 dicit
754 2924 936 2978 Neumannus
962 2943 989 2994 p.
1005 2931 1038 2980 55
1054 2945 1095 2995 sq.

79 3003 199 3058 Saeculo
218 3002 278 3056 fere
297 3000 395 3070 quinto
421 3004 539 3056 exeunte
563 3005 593 3057 et
616 3003 688 3058 sexti
710 3004 803 3074 priore
825 3006 907 3073 parte
925 3005 1095 3077 Priscianus,

79 3082 248 3152 Cledonius,
272 3082 421 3152 Pompeius
444 3082 590 3138 florebant.
629 3082 687 3148 Quo
712 3084 823 3155 longius
846 3084 1042 3154 progredimur
1062 3103 1094 3141 eo

78 3163 173 3234 magis
187 3162 345 3233 periculum
360 3165 451 3217 estne
465 3162 597 3217 Pliniana
611 3162 705 3217 aliena
719 3163 849 3218 doctrina
863 3164 1096 3219 commisceantur

78 3244 127 3299 vel
146 3243 337 3298 obscurentur.
376 3241 552 3310 Quamquam
570 3243 607 3297 ad
625 3243 739 3297 ultimos
759 3243 939 3312 antiquitatis
957 3244 1026 3296 fines
1045 3259 1094 3312 ap-

77 3321 346 3395 propinquavimus,
364 3322 503 3377 Prisciani
525 3323 667 3378 hereditas
686 3322 816 3377 Pliniana
839 3341 895 3377 non
918 3323 1095 3391 aspernanda

77 3405 133 3460 est.
171 3403 274 3458 Crebro
297 3401 448 3457 incidimus
472 3402 502 3457 in
525 3403 682 3456 doctrinam
700 3403 787 3456 Plinii
812 3401 988 3457 subtiliorem
1012 3404 1041 3456 et
1064 3401 1094 3457 in

78 3485 210 3540 auctores
234 3482 312 3553 illos,
331 3482 433 3550 quibus
452 3482 514 3536 unis
537 3483 669 3537 Pliniana
692 3498 893 3549 nonnunquam
915 3480 1094 3550 deteguntur.
