2476 3914
131 168 177 231 40
519 168 560 221 De
580 167 761 222 derivatione.

132 319 286 395 dixerunt,
315 318 384 377 illos
406 311 574 378 Albenses'.
615 337 675 377 non
699 318 841 394 quoniam
863 319 1031 377 nescientes
1054 337 1147 377 unam

132 407 351 467 derivationem
375 425 437 466 esse
461 408 516 466 hoc
540 407 686 484 fecerunt,
716 405 826 465 Caesar
848 407 904 466 hoc
927 407 1012 485 dixit,
1036 408 1089 466 sed
1111 411 1147 468 ut

132 497 266 555 facerent
295 496 505 556 discretionem
532 497 613 555 inter
641 496 775 569 colonos,
803 496 980 564 interillos
1009 498 1040 555 et
1063 497 1146 556 istos.

132 585 250 644 Plinius
275 584 429 645 Secundus
456 588 548 662 negat
576 588 607 644 et
634 584 679 643 ait
702 585 744 643 sic
768 579 983 644 ‘indifferenter
1005 586 1079 645 haec
1102 585 1147 644 in-

106 668 318 735 eveniuntur'.
364 693 435 732 nam
456 677 532 750 puta
556 674 612 733 hoc
635 673 710 732 bene
734 673 861 732 dicimus
885 674 921 732 de
943 674 1031 733 Alba.
1075 674 1148 751 qnid

133 764 261 823 facimus
285 764 321 822 de
345 761 459 821 Antia?
499 765 575 838 puta
604 763 629 820 si
657 763 739 821 dicas
767 762 873 835 Antia,
901 763 979 822 alter
1007 764 1148 822 Antiates

133 853 252 928 dicitur,
272 854 350 911 alter
368 850 528 912 Antianus.
561 870 620 928 quo
641 851 727 910 modo
746 869 905 927 possumus
920 851 1054 911 invenire
1073 853 1148 911 istas

134 939 356 1001 derivationes?
389 959 466 1017 quae
490 940 569 999 ratio
589 943 636 998 est
653 943 690 999 ut
707 940 752 998 ita
770 938 850 999 sint?
883 939 1003 999 Siculus
1022 944 1053 999 et
1074 941 1148 1000 Sici·

133 1031 236 1088 liensis
255 1030 433 1089 invenimus
467 1048 545 1105 quae
564 1029 642 1087 ratio
663 1028 728 1088 est?
761 1027 873 1087 Sardus
894 1031 924 1087 et
939 1028 1148 1089 Sardiniensis.

94 1137 120 1176 ιο
135 1137 318 1195 quamquam
341 1119 373 1177 in
392 1116 535 1177 Cicerone
558 1118 590 1175 in
610 1117 774 1176 Scauriana
792 1118 962 1177 invenimus
980 1119 1069 1177 istam
1090 1119 1148 1177 dis·

134 1208 297 1266 cretionem
326 1207 361 1265 de
391 1206 492 1266 Sardis
521 1209 552 1265 et
581 1206 837 1285 Sardiniensibus,
865 1209 902 1266 ut
928 1207 997 1267 illos
1024 1207 1148 1286 incolas,

134 1297 203 1355 illos
232 1297 363 1356 advenas
392 1295 506 1355 doceat.
553 1295 606 1354 sed
628 1298 730 1354 tamen
752 1295 861 1355 melius
886 1298 932 1354 est
955 1298 991 1355 ut
1013 1297 1149 1372 sequaris

134 1380 330 1462 praeceptum
354 1385 434 1444 tanti
456 1385 527 1462 viri,
550 1384 642 1442 Plinii
666 1384 802 1443 Secundi.

201 1488 268 1571 (Oh.
285 1495 357 1569 106,
377 1496 391 1550 l
408 1491 541 1550 Albani
559 1491 703 1550 dicuntur
721 1491 758 1549 ab
772 1490 860 1568 Alba,
879 1489 1027 1550 Albenses
1047 1493 1150 1550 autem

96 1596 121 1637 15
136 1581 173 1640 ab
196 1582 276 1640 Alba
294 1582 436 1641 Fucente.
474 1581 560 1639 cuius
584 1581 628 1639 rei
652 1598 774 1639 causam
792 1580 888 1639 Varro
908 1580 953 1639 ait
971 1597 1043 1654 esse,
1068 1581 1151 1655 quod

135 1671 276 1747 analogia
304 1670 336 1727 in
363 1671 554 1728 naturalibus
582 1669 753 1727 nominibus
785 1671 906 1728 tantum
934 1671 1085 1742 servatur,
1118 1669 1149 1726 in

134 1759 315 1819 voluntariis
343 1777 415 1818 vero
443 1757 625 1835 neglegitur.
671 1776 742 1816 nam
768 1759 805 1816 ut
832 1776 851 1815 a
877 1757 974 1816 Roma
996 1757 1150 1817 Romanus

135 1848 255 1924 dicitur,
279 1866 297 1905 a
315 1847 395 1906 Nola
412 1845 558 1924 Nolanus
583 1847 620 1904 ab
639 1846 743 1905 Atella
761 1847 931 1923 Atellanus,
951 1846 993 1904 sic
1012 1845 1150 1905 Albanus

136 1935 173 1994 ab
196 1935 276 1994 Alba
300 1935 359 1994 dici
383 1934 480 1994 debet.
512 1935 621 1993 inilia
645 1936 747 1993 autern
764 1935 897 1994 Fucente
917 1935 996 1993 Alba
1014 1935 1070 1993 hoc
1089 1954 1150 1994 non

97 2043 123 2083 ao
137 2027 353 2102 conservatur,=
373 2024 455 2100 quod
482 2023 608 2083 alterius
636 2024 755 2083 nomine
784 2025 1021 2101 cognominatur.
1069 2024 1150 2099 quod

136 2115 232 2193 magis
260 2115 400 2192 apparet,
432 2131 501 2172 cum
529 2112 656 2173 dicimus
683 2113 834 2189 Hispanos
862 2116 894 2173 et
921 2112 1043 2188 Sardos,
1076 2112 1151 2172 item

136 2204 351 2280 Hispanienses
370 2205 402 2262 et
421 2202 636 2262 Sardinienses.
668 2221 738 2260 narn
757 2217 826 2262 cum
845 2202 972 2261 dicimus
990 2201 1150 2279 Hispanos

137 2312 245 2352 nomen
277 2293 409 2353 nationis
447 2292 648 2368 ostendimus3
686 2311 754 2351 cum
791 2295 894 2350 autem
927 2290 1149 2366 Hispanienses,

137 2401 305 2459 cognomen
329 2401 433 2441 eorum
456 2381 509 2458 qui
531 2381 720 2457 provinciam
737 2380 905 2457 Hispanam
923 2379 1069 2457 incolunt,
1093 2380 1149 2439 etsi

97 2486 196 2530 aenon
219 2465 334 2549 <sunt>
357 2463 510 2551 Hispani.)

206 2577 288 2637 Serv.
313 2576 352 2634 ad
374 2576 447 2634 Aen.
471 2575 514 2633 ΙΧ
535 2578 596 2635 703
632 2579 740 2635 taurea
767 2569 868 2654 terga]
906 2573 1066 2650 usurpavit
1096 2592 1152 2650 pro

138 2659 292 2740 ‘taurina',
324 2664 400 2722 alibi
431 2667 557 2723 taurinis
584 2665 713 2737 follibus:
745 2664 838 2740 unde,
871 2663 950 2722 sicut
978 2666 1008 2721 et
1036 2662 1152 2721 Plinius

138 2752 219 2826 dicit,
244 2752 445 2813 derivationes
469 2752 571 2810 firmas
594 2770 654 2810 non
672 2751 784 2810 habent
806 2753 943 2830 regulas,
967 2752 1020 2810 sed
1043 2755 1154 2811 exeunt

137 2844 230 2917 prout
252 2841 426 2900 auctoribus
449 2842 557 2918 placet.

99 2965 125 3004 eo
207 2946 289 3008 Serv.
305 2949 343 3006 ad
363 2947 433 3007 (iao.
449 2946 493 3006 IV
509 2950 571 3007 127
601 2945 761 3023 Corycium
787 2946 897 3005 vidisse
926 2943 1040 3022 senem]
1074 2949 1153 3007 male

139 3040 242 3094 autem
260 3036 383 3112 quidam
401 3029 583 3113 ‘Corycium'
607 3035 763 3112 proprium
786 3052 849 3093 esse
873 3035 1018 3094 adserunt
1036 3055 1154 3115 nomen,

140 3144 209 3185 cum
231 3124 272 3184 sit
296 3125 515 3200 appellativum
538 3125 616 3202 eius,
641 3123 693 3200 qui
716 3143 797 3183 more
822 3121 948 3201 Corycio
976 3125 1080 3185 hortos
1105 3145 1152 3184 ex·

140 3214 248 3274 coluit:
272 3213 352 3290 quod
376 3215 468 3273 etiam
492 3215 583 3272 Plinii
605 3213 778 3273 testimonio
803 3214 1013 3290 conprobatur.
