2476 3914
90 186 184 242 XXVI
381 179 630 237 Commentariolus
648 180 818 251 isagogicus.

95 327 312 399 pertractandas
330 325 491 381 fateremur.
528 325 562 377 In
579 325 633 379 hac
655 341 685 380 re
705 328 829 393 quantae
852 325 1035 381 difficultates
1060 328 1111 382 ob-

95 411 243 463 versentur
260 423 342 461 nemo
361 409 405 462 est
423 405 492 474 quin
516 404 675 474 intellegat.
711 405 753 459 De
776 408 839 460 tota
861 405 971 461 ratione
995 406 1112 462 dicendi

95 488 263 544 Charisiana
282 486 403 542 scribere
422 484 504 540 stulti
522 486 590 540 erat.
629 485 684 539 Sed
701 485 788 540 Plinii
807 486 950 555 sermonis,
970 490 1112 555 quantum

95 569 156 624 fieri
173 570 276 639 potest,
295 566 417 638 vestigia
435 564 577 635 colligere,
596 567 694 635 utpote
708 565 795 620 fontis
815 567 1013 637 antiquissimi,
1028 584 1112 638 prae-

95 652 175 704 terea
192 648 279 703 variis
296 647 373 703 notis
391 649 504 717 praeter
523 645 594 700 alios
612 645 744 716 insignis,
763 646 817 701 ho'c
841 646 951 716 aliquid
973 647 1111 703 utilitatis

95 730 289 800 praebiturum
306 727 465 782 videbatur.
501 726 540 781 Et
556 725 689 795 praebuit
707 743 787 796 sane,
807 728 838 781 at
856 727 940 781 simul
958 727 1111 783 didicimus

97 814 206 878 quanta
224 808 343 864 libidine
361 806 541 878 grammatici
559 805 683 875 grassati
706 806 763 861 sint
785 806 816 860 in
838 807 1020 876 excerpendis
1040 807 1112 863 alio-

95 910 158 945 rum
175 890 264 959 libris,
284 890 421 956 quantum
439 886 585 941 commixti
604 885 662 941 sint
680 890 709 941 et
727 887 888 942 conturbati
906 887 1035 943 nonnulli
1053 888 1112 943 loci

94 970 231 1039 Plinium,
252 971 426 1038 quantopere
445 967 566 1035 denique
591 966 682 1022 vereri
704 966 857 1022 debeamus
879 984 915 1022 ne
938 985 995 1022 non
1019 969 1113 1023 solum

96 1051 188 1104 multa
206 1049 315 1103 incerta
334 1048 383 1102 sed
403 1047 489 1102 etiam
506 1047 581 1101 falsa
598 1047 690 1101 multa
707 1046 737 1099 in
758 1046 942 1115 reliquiarum
965 1047 1113 1104 collectio-

95 1146 161 1184 nem
186 1129 346 1197 subrepant.
384 1126 497 1182 Claudit
519 1129 612 1181 totum
635 1143 738 1196 agmen
757 1126 925 1196 Froehdius,
953 1126 997 1182 vir
1014 1128 1112 1198 singu-

97 1209 152 1264 lari
170 1207 323 1278 industria,
342 1207 391 1276 qui
405 1205 518 1276 scripsit
533 1207 568 1261 de
583 1205 846 1276 O.1ulioR0man0,
861 1206 981 1262 Charisii
995 1210 1112 1264 auctore

101 1289 257 1360 (Supplem.
272 1289 343 1343 Anu.
361 1286 431 1356 phil.
448 1290 537 1357 1892),
557 1286 658 1342 deinde
677 1287 711 1341 de
730 1285 839 1340 Valerii
855 1287 941 1342 Probi
958 1286 1056 1343 libello
1077 1289 1112 1344 de

96 1369 209 1424 nomine
237 1367 390 1439 (supplem.
409 1369 481 1423 Ann.
499 1365 569 1437 phil.
590 1369 669 1436 1892)
698 1369 727 1421 et
755 1382 820 1437 ego,
849 1366 898 1436 qui
926 1368 1026 1422 eodem
1052 1367 1112 1423 fere

95 1452 221 1519 tempore
250 1447 328 1502 edidi
351 1447 452 1503 Studia
478 1463 542 1502 mea
565 1446 695 1502 Gelliana
722 1449 752 1503 et
769 1446 912 1517 Pliniana,
936 1447 1022 1517 paulo
1046 1451 1113 1517 post

96 1528 242 1599 disputavi
274 1527 304 1581 in
336 1526 439 1583 Berlin.
466 1526 535 1596 phil.
564 1527 853 1583 Wochenschr.1892
881 1527 929 1583 Nr.
946 1531 988 1598 50,
1008 1532 1040 1581 51
1075 1529 1111 1584 de

95 1607 263 1678 fragmentis
291 1607 427 1662 Plinianis
456 1623 529 1675 quae
561 1607 637 1677 apud
664 1608 787 1663 Nonium
815 1610 844 1661 et
870 1607 1047 1677 Anonymum
1075 1609 1111 1663 de

97 1688 192 1743 dubiis
219 1686 381 1742 nominibus
408 1686 451 1756 (K.
470 1685 507 1754 V)
534 1686 723 1744 inveniuntur.
759 1687 887 1756 Denique
909 1688 940 1742 in
962 1687 1110 1759 Philologo

96 1768 131 1824 N.
151 1768 181 1823 P.
200 1767 239 1822 Vl
258 1773 274 1821 3
298 1783 384 1834 quam
407 1764 573 1820 brevissime
596 1767 787 1822 demonstravi
809 1771 917 1836 quanta
939 1768 1060 1824 materia
1082 1769 1113 1822 in

97 1848 239 1917 hocopus
259 1847 427 1914 consumpta
445 1844 491 1915 sit,
506 1847 576 1912 quot
595 1846 753 1917 scriptores,
772 1850 882 1919 poetae,
901 1848 1038 1918 historici,
1058 1851 1113 1905 cet.

97 1928 127 1981 in
149 1927 230 1982 libris
254 1925 446 1997 grammaticis
465 1925 652 1983 nominentur.
689 1927 821 1982 Proehdii
841 1929 876 1982 de
894 1929 965 1983 Iulio
983 1930 1111 1985 Romano

97 2006 211 2061 libellus
235 2006 393 2061 studiorum
420 2005 451 2060 in
477 2005 570 2060 fontes
593 2006 773 2063 Charisianos
802 2008 884 2077 quasi
911 2008 1013 2064 ultima
1035 2009 1112 2064 linea

98 2090 154 2165 est3
177 2103 269 2156 neque
286 2086 379 2141 minus
397 2086 459 2156 ipse
477 2087 508 2140 in
527 2087 629 2142 studiis
648 2087 785 2143 Gelliams
809 2092 838 2144 et
863 2088 893 2142 in
916 2088 1110 2160 perquirendis

97 2168 185 2223 Nonii
201 2167 282 2222 libris
303 2167 339 2221 ad
357 2168 468 2237 tempus
487 2167 618 2223 extremis
637 2167 764 2223 terminis
784 2168 1017 2240 appropinquavi.
1049 2168 1112 2224 Cer-

97 2249 240 2304 tissimum
267 2250 311 2304 est
341 2247 372 2302 in
405 2247 515 2317 aliquot
542 2247 655 2319 scriptis
682 2249 837 2305 minoribus
865 2249 1113 2321 grammaticorum

99 2329 191 2385 multa
208 2328 340 2384 Pliniana
358 2328 463 2398 inesse,
483 2330 515 2382 ut
541 2345 574 2384 ex
592 2329 773 2386 bibliothecis
798 2330 951 2399 aliquando
974 2347 1025 2399 per
1042 2330 1114 2384 haec

99 2411 224 2463 tractata
250 2425 325 2463 nova
351 2407 483 2461 Pliniana
514 2407 545 2461 in
576 2409 669 2464 lucem
700 2409 844 2478 prolatum
873 2409 910 2462 iri
940 2426 997 2463 non
1027 2410 1113 2477 plane

101 2488 308 2558 desperandum
327 2486 371 2541 sit.
409 2487 451 2540 Ex
470 2487 568 2556 copiis,
588 2504 658 2555 quas
677 2487 824 2557 habemus,
843 2487 938 2542 omnia
956 2487 1013 2541 iam
1027 2487 1114 2542 Plinii

99 2569 252 2637 praecepta
284 2565 342 2620 sive
375 2565 585 2620 observationes
613 2569 758 2637 excerptas
786 2583 860 2636 esse,
889 2566 1028 2620 affirmare
1055 2583 1115 2622 non

102 2646 206 2715 ausim,
226 2645 276 2699 sed
299 2644 366 2699 illae
389 2643 471 2698 huius
495 2644 670 2701 collectionis
694 2662 780 2716 opera
797 2645 910 2701 facilius
929 2644 1112 2714 decipientur,

100 2727 194 2794 Atque
212 2726 283 2781 hora
301 2724 371 2793 ruit;
392 2754 425 2764 -
443 2723 502 2779 iam
516 2724 587 2779 satis
600 2725 735 2796 temporis
750 2728 779 2781 et
793 2741 895 2795 operae
907 2724 938 2779 in
951 2724 996 2779 his
1011 2726 1113 2781 studiis

99 2806 261 2876 consumpsi
279 2805 351 2861 alios
370 2821 484 2876 campos
502 2807 711 2875 peragraturus.

173 2964 346 3034 Fragmenta
361 2981 433 3034 quae
452 2967 606 3035 sequuntur
623 2965 709 3035 pretii
726 2964 848 3020 maxime
862 2965 966 3022 diversi
980 2984 1042 3023 esse
1056 2968 1113 3022 iam

102 3045 202 3099 elucet.
240 3044 334 3100 Primo
357 3045 419 3101 loco
443 3050 509 3102 sunt
532 3062 579 3115 ea,
603 3063 676 3114 quae
694 3044 779 3100 Plinii
801 3045 913 3102 nomine
936 3051 1038 3103 ornata
1056 3051 1113 3102 tra-

103 3123 178 3179 didit
202 3123 359 3196 Charisius,
388 3127 508 3181 secundo
541 3142 614 3194 quae
642 3126 718 3196 apud
746 3126 878 3197 eundem,
907 3128 966 3183 sive
987 3128 1032 3182 his
1055 3126 1112 3179 fere

104 3203 209 3259 similia
236 3208 302 3259 sunt
327 3205 385 3261 sive
410 3206 532 3261 auctoris
554 3204 680 3260 Pliniani
707 3205 825 3261 alicuius
848 3225 950 3264 nomen
973 3209 1023 3261 aut
1041 3201 1112 3257 alias

103 3289 186 3342 notas
205 3302 273 3358 prae
292 3303 321 3341 se
340 3286 442 3357 ferunt,
460 3287 551 3342 Plinio
571 3285 631 3342 sine
650 3285 736 3340 dubio
757 3286 915 3343 addicenda
932 3288 1009 3353 sunt,
1027 3282 1112 3337 tertio

105 3384 178 3435 quae
191 3367 265 3423 inter
279 3365 337 3422 alia
350 3365 482 3421 Pliniana
494 3366 589 3437 posita
603 3365 667 3421 aliis
682 3367 844 3423 auctoribus
853 3367 932 3422 nulla
942 3366 1018 3420 iusta
1028 3380 1114 3418 causa

104 3450 224 3514 possunt
236 3445 385 3516 reservari3
403 3446 474 3501 haec
488 3445 633 3516 excipiunt
645 3446 754 3503 incerta
767 3450 797 3503 et
810 3446 910 3515 dubia,
923 3445 954 3499 in
967 3443 1069 3513 quibus
1080 3461 1114 3499 ea

105 3530 295 3599 numerantur,
315 3543 388 3596 quae
407 3525 461 3582 etsi
477 3526 637 3582 Plinianam
656 3527 886 3584 consuetudinem
904 3528 933 3582 et
950 3527 1114 3596 praecepto-
