2476 3914
388 123 638 179 Commentariolus
657 124 825 194 isagogicas.
1030 125 1108 180 XVII

95 266 256 323 Remmium
274 268 364 320 artem
388 265 602 335 grammaticam
625 266 771 336 scripsisse
794 267 824 321 in
845 285 927 322 usum
950 284 1107 337 puerorum,

95 353 127 403 ut
150 348 176 402 si
200 346 364 416 ambiguum
388 349 462 400 esset
486 345 684 414 quaerentibus
709 350 771 400 uter
794 347 913 401 alterum
938 347 1107 417 adhibuerit,

94 431 152 484 iam
180 427 378 481 Palaemonem
410 426 508 497 digitis
540 428 766 481 monstraremus.
807 425 860 481 Per
890 427 975 481 Plinii
1004 427 1107 498 studia,

96 510 200 578 quibus
224 522 296 575 quae
319 505 350 559 in
372 505 472 575 lingua
494 505 585 559 latina
609 509 689 560 erant
712 505 799 560 dubia
816 505 863 559 vel
882 507 974 561 dubiis
994 507 1107 577 similia,

96 589 183 644 certis
211 586 314 655 regulis
344 586 508 639 confirmata
535 587 613 653 sunt,
645 603 708 641 oum
737 585 794 640 alia
825 602 915 654 aeque
941 588 1108 643 fluctuantia

97 672 149 724 aut
172 666 287 721 rationis
309 666 386 734 lege,
410 667 460 719 aut
481 667 609 720 veterum
632 666 814 733 auctoritate,
840 669 891 720 aut
908 683 961 720 usu
979 671 1108 736 tyranno,

98 750 151 802 aut
181 746 287 801 aunum
320 744 442 814 iudicio,
478 761 558 799 suam
589 744 723 815 formam,
761 764 841 801 suam
873 745 1108 816 significationem

100 828 204 896 adepta
230 826 298 893 sint,
326 826 435 880 factum
460 826 515 894 est,
543 827 576 879 ut
598 824 672 880 tanti
694 826 749 882 riri
772 827 960 896 aperirentur,
988 843 1022 881 ex
1047 829 1109 895 qui-

98 908 150 962 bus
176 925 227 961 sua
252 906 371 975 quisque
394 908 491 974 posset
512 905 633 960 haurire.
670 907 740 961 Erat
761 910 822 961 tum
844 907 966 976 primum
989 907 1109 962 materia

94 991 196 1057 parata
225 1003 271 1055 ea,
296 986 369 1039 unde
397 986 509 1039 ‘artem‘
535 987 667 1042 conderet
689 987 855 1056 Palaemon,
883 987 932 1056 qui
960 990 1056 1042 tamen
1079 991 1108 1043 et

96 1085 199 1138 graeca
218 1064 390 1135 exemplaria
408 1065 542 1120 versabat
565 1065 589 1119 si
612 1065 727 1134 quidem
744 1066 964 1120 Palaemoniana
982 1066 1109 1121 continet

95 1147 266 1213 Quintiliani
285 1146 377 1200 libril
397 1162 419 1199 c.
435 1151 460 1214 4,
479 1145 528 1199 ubi
546 1152 561 1212 ξ
580 1152 628 1202 20:
648 1145 716 1216 „alii
734 1149 830 1200 tamen
849 1162 881 1200 ex
900 1145 1009 1201 idoneis
1028 1147 1107 1201 dum-

93 1230 177 1280 taxat
196 1226 357 1282 auctoribus
383 1228 446 1281 octo
465 1228 560 1294 partes
580 1227 670 1280 secuti
689 1230 765 1296 sunt,
785 1229 817 1280 ut
834 1226 1031 1282 Aristarchus“
1055 1228 1106 1299 (sic

96 1307 185 1360 etiam
202 1306 351 1375 Dionysius
370 1305 473 1375 Thrax)
501 1307 548 1375 „et
571 1309 665 1360 aetate
688 1308 785 1361 nostra
808 1306 976 1361 Palaemon“
1000 1307 1106 1379 (Uhlig,

99 1388 134 1440 de
152 1386 265 1455 Dionys.
282 1387 399 1455 Thrace,
418 1386 489 1454 App.
509 1404 535 1455 p.
550 1385 615 1439 XlV
633 1389 662 1440 et
679 1384 770 1441 Praef.
789 1404 816 1455 p.
831 1384 887 1454 VI).
916 1385 1003 1439 Plinii
1020 1387 1107 1442 libros

99 1466 263 1522 Palaemoni
288 1472 401 1536 praesto
427 1466 515 1521 fuisse
547 1466 742 1520 demonstrant
764 1464 820 1519 loci
848 1464 968 1519 (tharisii
991 1469 1020 1520 et
1042 1467 1107 1522 Dio·

99 1547 189 1601 medis
209 1547 367 1602 consimiles
384 1547 444 1617 (Ch.
459 1552 519 1615 225,
533 1545 625 1600 Diom.
639 1547 711 1614 415),
730 1544 779 1598 ubi
792 1544 946 1600 Palaemon
964 1549 1108 1601 enumerat

96 1627 315 1698 coniunctiones,
334 1626 420 1681 Plinii
439 1625 608 1681 sententiam
626 1626 755 1682 laudans.
793 1626 965 1692 Quaeramus
987 1626 1107 1696 primum

98 1709 131 1763 de
149 1708 328 1763 Palaemonis
347 1708 424 1763 vitae
450 1709 575 1775 tempore
594 1706 638 1762 vel
662 1706 769 1761 ultimis
792 1706 903 1762 finibus.
941 1706 1071 1762 Ordimur
1090 1724 1107 1762 a

96 1788 257 1842 testimonio
271 1785 445 1857 Hieronymi,
465 1785 514 1854 qui
532 1786 625 1842 chron.
642 1787 678 1841 ad
698 1803 722 1841 a.
736 1787 802 1842 Abr.
817 1792 888 1841 2064
898 1814 931 1832 =
942 1793 976 1840 48
991 1803 1016 1842 a.
1028 1786 1055 1841 C.
1066 1806 1108 1842 n:

99 1867 264 1923 ‘Palaemon
277 1867 423 1922 Vicetinus
437 1865 557 1938 insignis
571 1866 773 1936 grammaticus
787 1867 893 1921 Romae
907 1867 1038 1921 habetur'

96 1947 244 2002 scribendo
262 1965 314 2002 nos
333 1948 470 2002 admonet
489 1947 524 2002 de
542 1964 575 2002 eo
593 1947 764 2016 testimonio,
784 1947 859 2015 quod
874 1946 1023 2001 Suetonius
1039 1946 1109 2000 dicit

97 2027 144 2081 ‘de
173 2027 392 2096 grammaticis’:
412 2071 419 2084 .
439 2071 445 2084 .
465 2072 471 2083 .
495 2028 683 2081 manumissus
711 2028 808 2083 docuit
833 2028 940 2082 Romae
972 2044 1006 2080 ac
1032 2027 1109 2095 prin-

95 2107 188 2174 oipem
214 2107 309 2160 locum
334 2106 408 2160 inter
434 2108 632 2179 grammaticos
659 2108 763 2175 tenuit,
792 2123 962 2175 quamquam
993 2105 1107 2159 infamis

97 2185 228 2238 omnibus
247 2183 334 2252 vitiis,
351 2185 501 2255 palamque
525 2192 554 2242 et
572 2187 683 2241 Tiberio
703 2190 833 2255 (14-37)
857 2187 886 2237 et
908 2200 973 2236 mox
991 2183 1107 2239 Claudio

98 2266 227 2334 (41-54)
245 2264 473 2332 praedicantibus
489 2267 595 2324 nemini
613 2267 705 2319 minus
728 2262 936 2319 institutionem
959 2280 1107 2332 puerorum

98 2345 144 2398 vel
163 2343 295 2398 iuvenum
313 2344 548 2404 committendam.
575 2348 700 2416 Apparet
717 2343 844 2399 Persium
862 2342 908 2413 (cf.
923 2341 1012 2395 vitam
1026 2342 1107 2414 eius),

97 2425 146 2493 qui
165 2423 237 2478 vixit
254 2443 279 2480 a.
298 2429 403 2480 35-96
422 2426 592 2497 discipulum
609 2426 693 2480 huius
712 2424 767 2479 viri
786 2441 846 2479 esse
864 2422 1003 2493 potuisse;
1027 2427 1058 2477 at
1083 2424 1108 2478 si

94 2506 152 2559 iam
171 2504 349 2559 Palaemonis
368 2523 458 2562 mores
478 2524 495 2561 a
513 2506 625 2562 Tiberio
648 2505 741 2560 notati
764 2507 841 2573 sunt,
861 2502 912 2572 qui
929 2520 954 2559 a.
974 2509 1007 2557 37
1027 2504 1106 2575 obiit,

93 2588 230 2654 regnante
257 2602 289 2641 eo
312 2585 369 2640 iam
389 2587 427 2640 ad
449 2604 536 2641 annos
560 2590 684 2640 maturos
709 2584 869 2655 pervenisse
892 2583 1108 2654 grammaticum

94 2666 198 2734 elucet,
219 2669 251 2720 ut
269 2683 342 2720 anno
361 2672 395 2721 37
414 2684 471 2722 non
489 2665 625 2721 minorem
645 2683 732 2720 annos
750 2665 802 2719 XX
820 2667 919 2719 natum
938 2681 1001 2718 eum
1019 2664 1107 2719 fuisse

94 2745 154 2798 veri
178 2744 268 2799 simile
293 2745 338 2800 sit.
375 2745 477 2814 Itaque
494 2746 693 2801 Palaemonem
716 2748 767 2799 aut
789 2743 897 2798 ultimis
915 2744 1037 2815 Augusti
1055 2745 1107 2798 im-

93 2825 231 2891 peratoris
261 2824 342 2878 annis
371 2827 422 2879 aut
448 2824 546 2894 primis
574 2825 680 2879 Tiberii
706 2825 798 2879 lucem
825 2824 931 2878 vidisse
958 2824 1106 2879 credimus.

95 2905 139 2958 Sic
157 2905 269 2959 Persius
289 2922 314 2960 a.
333 2910 368 2959 35
386 2908 471 2959 natus
489 2921 559 2974 puer
581 2905 749 2975 magistrum
772 2904 882 2960 audivit
899 2904 1105 2973 Palaemonem,

95 2984 142 3051 qui
160 2987 228 3039 tuno
243 3000 291 3038 sex
305 2985 351 3038 vel
371 2987 479 3055 septem
497 2985 588 3039 lustra
602 2984 775 3040 condiderat.
803 2983 910 3039 Eodem
925 3001 979 3051 quo
994 2983 1106 3037 Persius

92 3066 219 3133 tempore
234 3063 434 3131 Quintilianus,
448 3081 472 3119 a.
484 3069 518 3118 35
532 3069 625 3135 natus,
639 3065 669 3117 in
688 3062 829 3118 subselliis
844 3063 920 3132 apud
938 3063 1105 3133 magistrum

93 3144 219 3199 sedebat.
256 3143 355 3197 Libros
378 3143 458 3199 dubii
481 3145 616 3200 sermonis
633 3145 742 3199 Plinius
766 3144 857 3198 edidit
882 3161 907 3198 a.
928 3150 969 3199 67.
1006 3145 1106 3209 Itaque

92 3226 224 3293 tempora
242 3241 300 3277 non
317 3224 440 3294 obstant,
460 3225 607 3293 quominus
627 3226 772 3280 credamus
786 3224 985 3278 Palaemonem
1001 3220 1105 3289 legisse

92 3304 180 3358 libros
200 3303 280 3358 dubii
299 3304 441 3360 sermonis.
470 3305 577 3360 Extant
593 3307 676 3375 plura
695 3306 730 3360 de
747 3305 916 3359 Palaemone
934 3298 1104 3370 testimonia,

92 3401 166 3453 quae
185 3401 241 3438 non
259 3383 379 3438 multum
397 3384 542 3440 adiuvant.

146 3582 214 3620 Pnnr.
230 3582 282 3622 dub.
293 3593 358 3623 serm.
925 3566 943 3619 b
