<?xml version="1.0" encoding="UTF-8"?>
<!DOCTYPE html PUBLIC "-//W3C//DTD XHTML 1.0 Transitional//EN"
    "http://www.w3.org/TR/xhtml1/DTD/xhtml1-transitional.dtd">
<html xmlns="http://www.w3.org/1999/xhtml" xml:lang="en" lang="en">
 <head>
  <title>
</title>
<meta http-equiv="Content-Type" content="text/html;charset=utf-8" />
  <meta name='ocr-system' content='tesseract 3.04.00' />
  <meta name='ocr-capabilities' content='ocr_page ocr_carea ocr_par ocr_line ocrx_word'/>
</head>
<body>
  <div class='ocr_page' id='page_1' title='image "./cpliniisecundil00beckgoog_0086.png"; bbox 0 0 2476 3914; ppageno 0'>
   <div class='ocr_carea' id='block_1_1' title="bbox 177 175 1079 246">
    <p class='ocr_par' dir='ltr' id='par_1_1' title="bbox 177 175 1079 246">
     <span class='ocr_line' id='line_1_1' title="bbox 177 175 1079 246; baseline 0.004 -18"><span class='ocrx_word' id='word_1_1' title='bbox 177 175 219 229; x_wconf 87' lang='lat' dir='ltr'>Do</span> <span class='ocrx_word' id='word_1_2' title='bbox 238 175 439 246; x_wconf 77' lang='lat' dir='ltr'>orthographia</span> <span class='ocrx_word' id='word_1_3' title='bbox 458 175 516 230; x_wconf 88' lang='lat' dir='ltr'>sive</span> <span class='ocrx_word' id='word_1_4' title='bbox 536 176 570 230; x_wconf 86' lang='lat' dir='ltr'>de</span> <span class='ocrx_word' id='word_1_5' title='bbox 590 175 683 230; x_wconf 88' lang='lat' dir='ltr'>dubiis</span> <span class='ocrx_word' id='word_1_6' title='bbox 704 177 848 231; x_wconf 87' lang='lat' dir='ltr'><strong>nominum</strong></span> <span class='ocrx_word' id='word_1_7' title='bbox 867 177 971 233; x_wconf 84' lang='lat' dir='ltr'>formis.</span> <span class='ocrx_word' id='word_1_8' title='bbox 1036 177 1079 242; x_wconf 86' lang='lat'>53</span> 
     </span>
    </p>
   </div>
   <div class='ocr_carea' id='block_1_2' title="bbox 65 325 1124 3332">
    <p class='ocr_par' dir='ltr' id='par_1_2' title="bbox 67 325 1120 1275">
     <span class='ocr_line' id='line_1_2' title="bbox 139 325 1080 406; baseline 0 -20"><span class='ocrx_word' id='word_1_9' title='bbox 139 325 191 386; x_wconf 83' lang='lat' dir='ltr'>Oh.</span> <span class='ocrx_word' id='word_1_10' title='bbox 207 329 258 403; x_wconf 82' lang='lat'>62,</span> <span class='ocrx_word' id='word_1_11' title='bbox 274 329 291 386; x_wconf 86' lang='lat'><strong>9</strong></span> <span class='ocrx_word' id='word_1_12' title='bbox 311 325 505 404; x_wconf 85' lang='lat' dir='ltr'>Vectigale</span> <span class='ocrx_word' id='word_1_13' title='bbox 524 326 602 387; x_wconf 88' lang='lat' dir='ltr'>ratio</span> <span class='ocrx_word' id='word_1_14' title='bbox 621 328 727 404; x_wconf 84' lang='lat' dir='ltr'>poscit,</span> <span class='ocrx_word' id='word_1_15' title='bbox 746 347 806 387; x_wconf 91' lang='lat' dir='ltr'>non</span> <span class='ocrx_word' id='word_1_16' title='bbox 824 329 963 406; x_wconf 88' lang='lat' dir='ltr'>vectigal.</span> <span class='ocrx_word' id='word_1_17' title='bbox 986 328 1080 388; x_wconf 91' lang='lat' dir='ltr'>nomi·</span> 
     </span>
     <span class='ocr_line' id='line_1_3' title="bbox 69 414 1081 493; baseline 0.001 -18"><span class='ocrx_word' id='word_1_18' title='bbox 69 414 193 475; x_wconf 90' lang='lat' dir='ltr'>nativus</span> <span class='ocrx_word' id='word_1_19' title='bbox 213 415 293 473; x_wconf 91' lang='lat' dir='ltr'>enim</span> <span class='ocrx_word' id='word_1_20' title='bbox 311 415 438 491; x_wconf 90' lang='lat' dir='ltr'>pluralis</span> <span class='ocrx_word' id='word_1_21' title='bbox 458 435 476 474; x_wconf 91' lang='lat' dir='ltr'>a</span> <span class='ocrx_word' id='word_1_22' title='bbox 495 416 641 493; x_wconf 83' lang='lat' dir='ltr'>singulari</span> <span class='ocrx_word' id='word_1_23' title='bbox 659 417 728 492; x_wconf 91' lang='lat' dir='ltr'>plus</span> <span class='ocrx_word' id='word_1_24' title='bbox 742 435 804 475; x_wconf 87' lang='lat' dir='ltr'>una</span> <span class='ocrx_word' id='word_1_25' title='bbox 819 417 936 492; x_wconf 80' lang='lat' dir='ltr'>syllaba</span> <span class='ocrx_word' id='word_1_26' title='bbox 951 436 1081 477; x_wconf 91' lang='lat' dir='ltr'>crescere</span> 
     </span>
     <span class='ocr_line' id='line_1_4' title="bbox 67 503 1083 583; baseline 0.001 -20"><span class='ocrx_word' id='word_1_27' title='bbox 67 523 130 563; x_wconf 92' lang='lat' dir='ltr'>non</span> <span class='ocrx_word' id='word_1_28' title='bbox 150 504 245 563; x_wconf 86' lang='lat' dir='ltr'>debet.</span> <span class='ocrx_word' id='word_1_29' title='bbox 276 503 329 580; x_wconf 92' lang='lat' dir='ltr'>qui</span> <span class='ocrx_word' id='word_1_30' title='bbox 343 503 368 562; x_wconf 90' lang='lat' dir='ltr'>si</span> <span class='ocrx_word' id='word_1_31' title='bbox 381 504 507 579; x_wconf 76' lang='lat' dir='ltr'>incipiat</span> <span class='ocrx_word' id='word_1_32' title='bbox 521 504 638 563; x_wconf 86' lang='lat' dir='ltr'>duabus</span> <span class='ocrx_word' id='word_1_33' title='bbox 654 505 778 582; x_wconf 83' lang='lat' dir='ltr'>syllabis</span> <span class='ocrx_word' id='word_1_34' title='bbox 792 523 932 582; x_wconf 87' lang='lat' dir='ltr'>crescere,</span> <span class='ocrx_word' id='word_1_35' title='bbox 951 507 1083 583; x_wconf 86' lang='lat' dir='ltr'>vectigal</span> 
     </span>
     <span class='ocr_line' id='line_1_5' title="bbox 68 592 1080 672; baseline 0 -19"><span class='ocrx_word' id='word_1_36' title='bbox 68 593 218 670; x_wconf 78' lang='lat' dir='ltr'>dicemus3</span> <span class='ocrx_word' id='word_1_37' title='bbox 243 593 324 669; x_wconf 87' lang='lat' dir='ltr'>quod</span> <span class='ocrx_word' id='word_1_38' title='bbox 348 595 448 651; x_wconf 87' lang='lat' dir='ltr'>tamen</span> <span class='ocrx_word' id='word_1_39' title='bbox 471 592 683 652; x_wconf 89' lang='lat' dir='ltr'>consuetudini</span> <span class='ocrx_word' id='word_1_40' title='bbox 703 594 875 671; x_wconf 79' lang='lat' dir='ltr'>extorqueri</span> <span class='ocrx_word' id='word_1_41' title='bbox 892 613 952 652; x_wconf 91' lang='lat' dir='ltr'>non</span> <span class='ocrx_word' id='word_1_42' title='bbox 970 595 1080 672; x_wconf 86' lang='lat' dir='ltr'>potuit,</span> 
     </span>
     <span class='ocr_line' id='line_1_6' title="bbox 69 677 1120 760; baseline -0.002 -20"><span class='ocrx_word' id='word_1_43' title='bbox 69 682 144 760; x_wconf 91' lang='lat' dir='ltr'>quin</span> <span class='ocrx_word' id='word_1_44' title='bbox 167 681 297 758; x_wconf 82' lang='lat' dir='ltr'>vectigal</span> <span class='ocrx_word' id='word_1_45' title='bbox 320 684 351 740; x_wconf 91' lang='lat' dir='ltr'>et</span> <span class='ocrx_word' id='word_1_46' title='bbox 374 681 502 742; x_wconf 82' lang='lat' dir='ltr'>cervical</span> <span class='ocrx_word' id='word_1_47' title='bbox 525 685 556 741; x_wconf 92' lang='lat' dir='ltr'>et</span> <span class='ocrx_word' id='word_1_48' title='bbox 578 683 691 758; x_wconf 90' lang='lat' dir='ltr'>capital</span> <span class='ocrx_word' id='word_1_49' title='bbox 710 677 783 760; x_wconf 76' lang='lat' dir='ltr'>(et)</span> <span class='ocrx_word' id='word_1_50' title='bbox 801 682 936 742; x_wconf 89' lang='lat' dir='ltr'>tribuual</span> <span class='ocrx_word' id='word_1_51' title='bbox 954 683 1079 742; x_wconf 88' lang='lat' dir='ltr'>animal·</span> <span class='ocrx_word' id='word_1_52' title='bbox 1107 697 1120 738; x_wconf 84' lang='lat'><strong>5</strong></span> 
     </span>
     <span class='ocr_line' id='line_1_7' title="bbox 69 770 1082 848; baseline 0.003 -20"><span class='ocrx_word' id='word_1_53' title='bbox 69 789 130 848; x_wconf 90' lang='lat' dir='ltr'>que</span> <span class='ocrx_word' id='word_1_54' title='bbox 149 772 322 846; x_wconf 89' lang='lat' dir='ltr'>contempta</span> <span class='ocrx_word' id='word_1_55' title='bbox 341 770 457 830; x_wconf 89' lang='lat' dir='ltr'>ratione</span> <span class='ocrx_word' id='word_1_56' title='bbox 477 770 619 829; x_wconf 83' lang='lat' dir='ltr'>dicamus</span> <span class='ocrx_word' id='word_1_57' title='bbox 653 771 813 830; x_wconf 87' lang='lat' dir='ltr'>Lucretius</span> <span class='ocrx_word' id='word_1_58' title='bbox 831 775 934 830; x_wconf 89' lang='lat' dir='ltr'>tamen</span> <span class='ocrx_word' id='word_1_59' title='bbox 948 772 992 830; x_wconf 91' lang='lat' dir='ltr'>ait</span> <span class='ocrx_word' id='word_1_60' title='bbox 1005 774 1082 831; x_wconf 78' lang='lat' dir='ltr'>aude</span> 
     </span>
     <span class='ocr_line' id='line_1_8' title="bbox 67 859 1081 936; baseline -0.001 -17"><span class='ocrx_word' id='word_1_61' title='bbox 67 860 198 920; x_wconf 78' lang='lat' dir='ltr'>animale</span> <span class='ocrx_word' id='word_1_62' title='bbox 208 876 306 933; x_wconf 73' lang='lat' dir='ltr'>penas.</span> <span class='ocrx_word' id='word_1_63' title='bbox 326 859 484 935; x_wconf 84' lang='lat' dir='ltr'>genetivus</span> <span class='ocrx_word' id='word_1_64' title='bbox 499 878 618 936; x_wconf 88' lang='lat' dir='ltr'>quoque</span> <span class='ocrx_word' id='word_1_65' title='bbox 632 860 760 936; x_wconf 91' lang='lat' dir='ltr'>pluralis</span> <span class='ocrx_word' id='word_1_66' title='bbox 775 879 844 918; x_wconf 91' lang='lat' dir='ltr'>cum</span> <span class='ocrx_word' id='word_1_67' title='bbox 857 859 975 920; x_wconf 91' lang='lat' dir='ltr'>ratione</span> <span class='ocrx_word' id='word_1_68' title='bbox 989 861 1081 920; x_wconf 88' lang='lat' dir='ltr'>vecti·</span> 
     </span>
     <span class='ocr_line' id='line_1_9' title="bbox 67 948 1079 1028; baseline 0.002 -22"><span class='ocrx_word' id='word_1_69' title='bbox 67 949 186 1027; x_wconf 85' lang='lat' dir='ltr'>galium</span> <span class='ocrx_word' id='word_1_70' title='bbox 222 948 326 1024; x_wconf 82' lang='lat' dir='ltr'>faciat,</span> <span class='ocrx_word' id='word_1_71' title='bbox 363 951 500 1007; x_wconf 86' lang='lat' dir='ltr'>auctores</span> <span class='ocrx_word' id='word_1_72' title='bbox 531 951 631 1007; x_wconf 87' lang='lat' dir='ltr'>tamen</span> <span class='ocrx_word' id='word_1_73' title='bbox 666 949 898 1026; x_wconf 74' lang='lat' dir='ltr'>uectigaliorum</span> <span class='ocrx_word' id='word_1_74' title='bbox 930 950 1079 1028; x_wconf 85' lang='lat' dir='ltr'>dixerunt,</span> 
     </span>
     <span class='ocr_line' id='line_1_10' title="bbox 68 1035 1078 1111; baseline 0.003 -16"><span class='ocrx_word' id='word_1_75' title='bbox 68 1040 105 1096; x_wconf 87' lang='lat' dir='ltr'>ut</span> <span class='ocrx_word' id='word_1_76' title='bbox 122 1035 247 1095; x_wconf 84' lang='lat' dir='ltr'>Asinius</span> <span class='ocrx_word' id='word_1_77' title='bbox 270 1038 485 1110; x_wconf 63' lang='lat' dir='ltr'>codicellorum</span> <span class='ocrx_word' id='word_1_78' title='bbox 502 1039 694 1111; x_wconf 77' lang='lat' dir='ltr'>reipublicae</span> <span class='ocrx_word' id='word_1_79' title='bbox 712 1055 814 1097; x_wconf 67' lang='lat' dir='ltr'>mam</span> <span class='ocrx_word' id='word_1_80' title='bbox 833 1056 892 1098; x_wconf 82' lang='lat' dir='ltr'>csse</span> <span class='ocrx_word' id='word_1_81' title='bbox 909 1039 1078 1106; x_wconf 71' lang='lat' dir='ltr'>lahadom,</span> 
     </span>
     <span class='ocr_line' id='line_1_11' title="bbox 68 1125 1119 1203; baseline -0.002 -18"><span class='ocrx_word' id='word_1_82' title='bbox 68 1129 100 1185; x_wconf 89' lang='lat' dir='ltr'>et</span> <span class='ocrx_word' id='word_1_83' title='bbox 123 1125 269 1184; x_wconf 88' lang='lat' dir='ltr'>Horatius</span> <span class='ocrx_word' id='word_1_84' title='bbox 294 1126 465 1185; x_wconf 69' lang='lat' dir='ltr'>anciliorum</span> <span class='ocrx_word' id='word_1_85' title='bbox 488 1129 660 1186; x_wconf 70' lang='lat' dir='ltr'>acuminis</span> <span class='ocrx_word' id='word_1_86' title='bbox 683 1131 709 1186; x_wconf 80' lang='lat' dir='ltr'>ct</span> <span class='ocrx_word' id='word_1_87' title='bbox 730 1131 823 1203; x_wconf 73' lang='lat' dir='ltr'>topoc3</span> <span class='ocrx_word' id='word_1_88' title='bbox 847 1129 884 1185; x_wconf 88' lang='lat' dir='ltr'>ut</span> <span class='ocrx_word' id='word_1_89' title='bbox 906 1128 1078 1188; x_wconf 75' lang='lat' dir='ltr'>Boccboaa</span> <span class='ocrx_word' id='word_1_90' title='bbox 1092 1144 1119 1184; x_wconf 86' lang='lat' dir='ltr'>ro</span> 
     </span>
     <span class='ocr_line' id='line_1_12' title="bbox 68 1214 689 1275; baseline -0.002 0"><span class='ocrx_word' id='word_1_91' title='bbox 68 1217 177 1275; x_wconf 79' lang='lat' dir='ltr'>tiorum</span> <span class='ocrx_word' id='word_1_92' title='bbox 200 1214 364 1274; x_wconf 82' lang='lat' dir='ltr'>Sallustius</span> <span class='ocrx_word' id='word_1_93' title='bbox 388 1217 419 1274; x_wconf 91' lang='lat' dir='ltr'>et</span> <span class='ocrx_word' id='word_1_94' title='bbox 448 1215 689 1274; x_wconf 77' lang='lat' dir='ltr'>Volcuaulcoram.</span> 
     </span>
    </p>

    <p class='ocr_par' dir='ltr' id='par_1_3' title="bbox 65 1302 1124 2268">
     <span class='ocr_line' id='line_1_13' title="bbox 137 1302 1084 1382; baseline 0.002 -21"><span class='ocrx_word' id='word_1_95' title='bbox 137 1302 188 1362; x_wconf 89' lang='lat' dir='ltr'>Ch.</span> <span class='ocrx_word' id='word_1_96' title='bbox 211 1306 282 1380; x_wconf 82' lang='lat'>102,</span> <span class='ocrx_word' id='word_1_97' title='bbox 301 1305 322 1361; x_wconf 84' lang='lat'><strong>4</strong></span> <span class='ocrx_word' id='word_1_98' title='bbox 345 1303 473 1362; x_wconf 84' lang='lat' dir='ltr'>Laetis</span> <span class='ocrx_word' id='word_1_99' title='bbox 495 1304 715 1364; x_wconf 83' lang='lat' dir='ltr'>nominativum</span> <span class='ocrx_word' id='word_1_100' title='bbox 739 1304 792 1362; x_wconf 89' lang='lat' dir='ltr'>alii</span> <span class='ocrx_word' id='word_1_101' title='bbox 815 1306 924 1366; x_wconf 89' lang='lat' dir='ltr'>volunt</span> <span class='ocrx_word' id='word_1_102' title='bbox 946 1305 1006 1382; x_wconf 88' lang='lat' dir='ltr'>lac,</span> <span class='ocrx_word' id='word_1_103' title='bbox 1030 1305 1084 1363; x_wconf 88' lang='lat' dir='ltr'>alii</span> 
     </span>
     <span class='ocr_line' id='line_1_14' title="bbox 68 1391 1084 1470; baseline 0 -19"><span class='ocrx_word' id='word_1_104' title='bbox 68 1393 146 1470; x_wconf 83' lang='lat' dir='ltr'>lact,</span> <span class='ocrx_word' id='word_1_105' title='bbox 174 1391 230 1450; x_wconf 87' lang='lat' dir='ltr'>alii</span> <span class='ocrx_word' id='word_1_106' title='bbox 251 1393 331 1451; x_wconf 89' lang='lat' dir='ltr'>lacte</span> <span class='ocrx_word' id='word_1_107' title='bbox 353 1392 369 1450; x_wconf 73' lang='grc' dir='ltr'>ὅ</span> <span class='ocrx_word' id='word_1_108' title='bbox 391 1395 551 1467; x_wconf 87' lang='lat' dir='ltr'>postrema.</span> <span class='ocrx_word' id='word_1_109' title='bbox 589 1393 708 1452; x_wconf 89' lang='lat' dir='ltr'>omnino</span> <span class='ocrx_word' id='word_1_110' title='bbox 732 1393 812 1451; x_wconf 91' lang='lat' dir='ltr'>enim</span> <span class='ocrx_word' id='word_1_111' title='bbox 834 1393 952 1451; x_wconf 91' lang='lat' dir='ltr'>nullum</span> <span class='ocrx_word' id='word_1_112' title='bbox 975 1412 1084 1453; x_wconf 89' lang='lat' dir='ltr'>nomen</span> 
     </span>
     <span class='ocr_line' id='line_1_15' title="bbox 66 1479 1082 1558; baseline -0.002 -18"><span class='ocrx_word' id='word_1_113' title='bbox 66 1484 156 1540; x_wconf 88' lang='lat' dir='ltr'>muta</span> <span class='ocrx_word' id='word_1_114' title='bbox 182 1481 286 1540; x_wconf 87' lang='lat' dir='ltr'>littera</span> <span class='ocrx_word' id='word_1_115' title='bbox 313 1479 419 1539; x_wconf 86' lang='lat' dir='ltr'>finitur</span> <span class='ocrx_word' id='word_1_116' title='bbox 447 1481 508 1539; x_wconf 89' lang='lat' dir='ltr'>alia</span> <span class='ocrx_word' id='word_1_117' title='bbox 534 1480 593 1539; x_wconf 91' lang='lat' dir='ltr'>uisi</span> <span class='ocrx_word' id='word_1_118' title='bbox 620 1500 643 1542; x_wconf 91' lang='lat' dir='ltr'>s.</span> <span class='ocrx_word' id='word_1_119' title='bbox 688 1481 793 1558; x_wconf 89' lang='lat' dir='ltr'>itaque</span> <span class='ocrx_word' id='word_1_120' title='bbox 826 1481 1004 1540; x_wconf 86' lang='lat' dir='ltr'>eruditiores</span> <span class='ocrx_word' id='word_1_121' title='bbox 1031 1483 1082 1540; x_wconf 90' lang='lat' dir='ltr'>ad-</span> 
     </span>
     <span class='ocr_line' id='line_1_16' title="bbox 66 1569 1122 1647; baseline -0.004 -18"><span class='ocrx_word' id='word_1_122' title='bbox 66 1571 259 1630; x_wconf 82' lang='lat' dir='ltr'>iunxeruntl</span> <span class='ocrx_word' id='word_1_123' title='bbox 276 1571 399 1645; x_wconf 89' lang='lat' dir='ltr'>propter</span> <span class='ocrx_word' id='word_1_124' title='bbox 418 1570 599 1647; x_wconf 78' lang='lat' dir='ltr'>genetivum,</span> <span class='ocrx_word' id='word_1_125' title='bbox 620 1569 690 1646; x_wconf 91' lang='lat' dir='ltr'>quia</span> <span class='ocrx_word' id='word_1_126' title='bbox 708 1570 797 1629; x_wconf 88' lang='lat' dir='ltr'>lactis</span> <span class='ocrx_word' id='word_1_127' title='bbox 815 1570 898 1629; x_wconf 88' lang='lat' dir='ltr'>facit.</span> <span class='ocrx_word' id='word_1_128' title='bbox 933 1588 1002 1629; x_wconf 87' lang='lat' dir='ltr'>nam</span> <span class='ocrx_word' id='word_1_129' title='bbox 1020 1570 1082 1629; x_wconf 85' lang='lat' dir='ltr'>tria</span> <span class='ocrx_word' id='word_1_130' title='bbox 1097 1585 1122 1626; x_wconf 78' lang='lat'>15</span> 
     </span>
     <span class='ocr_line' id='line_1_17' title="bbox 65 1658 1083 1736; baseline 0 -18"><span class='ocrx_word' id='word_1_131' title='bbox 65 1661 226 1735; x_wconf 87' lang='lat' dir='ltr'>praeterea</span> <span class='ocrx_word' id='word_1_132' title='bbox 247 1658 444 1718; x_wconf 90' lang='lat' dir='ltr'>inveniuntur</span> <span class='ocrx_word' id='word_1_133' title='bbox 463 1676 538 1734; x_wconf 88' lang='lat' dir='ltr'>quae</span> <span class='ocrx_word' id='word_1_134' title='bbox 557 1659 661 1717; x_wconf 89' lang='lat' dir='ltr'>littera</span> <span class='ocrx_word' id='word_1_135' title='bbox 680 1659 784 1717; x_wconf 87' lang='lat' dir='ltr'>eadem</span> <span class='ocrx_word' id='word_1_136' title='bbox 802 1658 959 1736; x_wconf 87' lang='lat' dir='ltr'>finiuntur,</span> <span class='ocrx_word' id='word_1_137' title='bbox 982 1662 1083 1736; x_wconf 82' lang='lat' dir='ltr'>caput,</span> 
     </span>
     <span class='ocr_line' id='line_1_18' title="bbox 67 1746 1084 1827; baseline -0.001 -20"><span class='ocrx_word' id='word_1_138' title='bbox 67 1749 123 1827; x_wconf 87' lang='lat' dir='ltr'>git,</span> <span class='ocrx_word' id='word_1_139' title='bbox 146 1750 244 1824; x_wconf 86' lang='lat' dir='ltr'>nepot.</span> <span class='ocrx_word' id='word_1_140' title='bbox 283 1746 336 1805; x_wconf 88' lang='lat' dir='ltr'>sed</span> <span class='ocrx_word' id='word_1_141' title='bbox 359 1747 405 1806; x_wconf 90' lang='lat' dir='ltr'>his</span> <span class='ocrx_word' id='word_1_142' title='bbox 429 1747 560 1806; x_wconf 88' lang='lat' dir='ltr'>occurrit</span> <span class='ocrx_word' id='word_1_143' title='bbox 583 1747 664 1825; x_wconf 89' lang='lat' dir='ltr'>qnod</span> <span class='ocrx_word' id='word_1_144' title='bbox 686 1748 806 1806; x_wconf 90' lang='lat' dir='ltr'>nullum</span> <span class='ocrx_word' id='word_1_145' title='bbox 830 1748 951 1808; x_wconf 92' lang='lat' dir='ltr'>omnino</span> <span class='ocrx_word' id='word_1_146' title='bbox 974 1767 1084 1807; x_wconf 90' lang='lat' dir='ltr'>nomen</span> 
     </span>
     <span class='ocr_line' id='line_1_19' title="bbox 69 1834 1083 1915; baseline 0 -19"><span class='ocrx_word' id='word_1_147' title='bbox 69 1836 189 1896; x_wconf 85' lang='lat' dir='ltr'>duabus</span> <span class='ocrx_word' id='word_1_148' title='bbox 211 1836 303 1895; x_wconf 90' lang='lat' dir='ltr'>mutis</span> <span class='ocrx_word' id='word_1_149' title='bbox 326 1834 438 1896; x_wconf 88' lang='lat' dir='ltr'>litteris</span> <span class='ocrx_word' id='word_1_150' title='bbox 461 1836 592 1896; x_wconf 88' lang='lat' dir='ltr'>finiatur.</span> <span class='ocrx_word' id='word_1_151' title='bbox 626 1855 696 1915; x_wconf 87' lang='lat' dir='ltr'>ergo</span> <span class='ocrx_word' id='word_1_152' title='bbox 715 1838 795 1896; x_wconf 88' lang='lat' dir='ltr'>lacte</span> <span class='ocrx_word' id='word_1_153' title='bbox 819 1837 882 1896; x_wconf 89' lang='lat' dir='ltr'>sine</span> <span class='ocrx_word' id='word_1_154' title='bbox 906 1836 981 1898; x_wconf 88' lang='lat' dir='ltr'>vitio</span> <span class='ocrx_word' id='word_1_155' title='bbox 1005 1837 1083 1897; x_wconf 86' lang='lat' dir='ltr'>dico-</span> 
     </span>
     <span class='ocr_line' id='line_1_20' title="bbox 66 1922 1085 1999; baseline 0 -14"><span class='ocrx_word' id='word_1_156' title='bbox 66 1944 145 1986; x_wconf 87' lang='lat' dir='ltr'>mus.</span> <span class='ocrx_word' id='word_1_157' title='bbox 191 1943 262 1983; x_wconf 89' lang='lat' dir='ltr'>nam</span> <span class='ocrx_word' id='word_1_158' title='bbox 294 1926 326 1983; x_wconf 88' lang='lat' dir='ltr'>et</span> <span class='ocrx_word' id='word_1_159' title='bbox 354 1922 428 1984; x_wconf 77' lang='lat' dir='ltr'>Cato</span> <span class='ocrx_word' id='word_1_160' title='bbox 456 1925 498 1984; x_wconf 89' lang='lat' dir='ltr'>sic</span> <span class='ocrx_word' id='word_1_161' title='bbox 530 1925 606 1984; x_wconf 87' lang='lat' dir='ltr'>dirit</span> <span class='ocrx_word' id='word_1_162' title='bbox 634 1930 661 1984; x_wconf 81' lang='lat' dir='ltr'>et</span> <span class='ocrx_word' id='word_1_163' title='bbox 689 1929 721 1984; x_wconf 81' lang='lat' dir='ltr'>la</span> <span class='ocrx_word' id='word_1_164' title='bbox 747 1927 841 1985; x_wconf 71' lang='lat' dir='ltr'>Itcba</span> <span class='ocrx_word' id='word_1_165' title='bbox 869 1931 951 1985; x_wconf 81' lang='lat' dir='ltr'>atros</span> <span class='ocrx_word' id='word_1_166' title='bbox 978 1943 1085 1999; x_wconf 82' lang='lat' dir='ltr'>capros</span> 
     </span>
     <span class='ocr_line' id='line_1_21' title="bbox 69 2013 1124 2091; baseline -0.007 -17"><span class='ocrx_word' id='word_1_167' title='bbox 69 2016 143 2075; x_wconf 77' lang='lat' dir='ltr'>lactc</span> <span class='ocrx_word' id='word_1_168' title='bbox 165 2015 264 2074; x_wconf 75' lang='lat' dir='ltr'>album</span> <span class='ocrx_word' id='word_1_169' title='bbox 287 2014 398 2072; x_wconf 80' lang='lat' dir='ltr'>babere.</span> <span class='ocrx_word' id='word_1_170' title='bbox 435 2014 489 2072; x_wconf 85' lang='lat' dir='ltr'>sed</span> <span class='ocrx_word' id='word_1_171' title='bbox 511 2016 542 2072; x_wconf 91' lang='lat' dir='ltr'>et</span> <span class='ocrx_word' id='word_1_172' title='bbox 564 2013 693 2089; x_wconf 82' lang='lat' dir='ltr'>Valgius</span> <span class='ocrx_word' id='word_1_173' title='bbox 717 2017 749 2073; x_wconf 93' lang='lat' dir='ltr'>et</span> <span class='ocrx_word' id='word_1_174' title='bbox 765 2014 892 2073; x_wconf 90' lang='lat' dir='ltr'>Verrius</span> <span class='ocrx_word' id='word_1_175' title='bbox 915 2017 946 2072; x_wconf 91' lang='lat' dir='ltr'>et</span> <span class='ocrx_word' id='word_1_176' title='bbox 965 2013 1082 2091; x_wconf 83' lang='lat' dir='ltr'>Trogus</span> <span class='ocrx_word' id='word_1_177' title='bbox 1096 2027 1124 2069; x_wconf 81' lang='lat' dir='ltr'>ao</span> 
     </span>
     <span class='ocr_line' id='line_1_22' title="bbox 71 2099 1085 2177; baseline -0.003 -14"><span class='ocrx_word' id='word_1_178' title='bbox 71 2105 108 2163; x_wconf 86' lang='lat' dir='ltr'>de</span> <span class='ocrx_word' id='word_1_179' title='bbox 132 2102 312 2162; x_wconf 81' lang='lat' dir='ltr'>animalibus</span> <span class='ocrx_word' id='word_1_180' title='bbox 334 2099 448 2177; x_wconf 89' lang='lat' dir='ltr'>[heres]</span> <span class='ocrx_word' id='word_1_181' title='bbox 472 2103 549 2160; x_wconf 89' lang='lat' dir='ltr'>lactc</span> <span class='ocrx_word' id='word_1_182' title='bbox 573 2103 685 2161; x_wconf 85' lang='lat' dir='ltr'>dicunt.</span> <span class='ocrx_word' id='word_1_183' title='bbox 723 2106 755 2162; x_wconf 84' lang='lat' dir='ltr'>at</span> <span class='ocrx_word' id='word_1_184' title='bbox 777 2102 961 2161; x_wconf 89' lang='lat' dir='ltr'>consuetudo</span> <span class='ocrx_word' id='word_1_185' title='bbox 983 2103 1085 2161; x_wconf 87' lang='lat' dir='ltr'>tamen</span> 
     </span>
     <span class='ocr_line' id='line_1_23' title="bbox 68 2192 322 2268; baseline -0.016 -16"><span class='ocrx_word' id='word_1_186' title='bbox 68 2192 153 2252; x_wconf 86' lang='lat' dir='ltr'>aliud</span> <span class='ocrx_word' id='word_1_187' title='bbox 176 2192 322 2268; x_wconf 90' lang='lat' dir='ltr'>sequitur.</span> 
     </span>
    </p>

    <p class='ocr_par' dir='ltr' id='par_1_4' title="bbox 67 2278 1124 2623">
     <span class='ocr_line' id='line_1_24' title="bbox 135 2278 1083 2357; baseline -0.002 -17"><span class='ocrx_word' id='word_1_188' title='bbox 135 2279 187 2340; x_wconf 85' lang='lat' dir='ltr'>Oh.</span> <span class='ocrx_word' id='word_1_189' title='bbox 200 2283 251 2357; x_wconf 79' lang='grc'>88,</span> <span class='ocrx_word' id='word_1_190' title='bbox 265 2282 302 2339; x_wconf 88' lang='grc'>16</span> <span class='ocrx_word' id='word_1_191' title='bbox 318 2280 453 2338; x_wconf 79' lang='lat' dir='ltr'>Vertar</span> <span class='ocrx_word' id='word_1_192' title='bbox 467 2279 640 2340; x_wconf 84' lang='lat' dir='ltr'>avertendo</span> <span class='ocrx_word' id='word_1_193' title='bbox 656 2278 774 2355; x_wconf 83' lang='lat' dir='ltr'>dicitur,</span> <span class='ocrx_word' id='word_1_194' title='bbox 788 2281 927 2339; x_wconf 77' lang='lat' dir='ltr'>vertera</span> <span class='ocrx_word' id='word_1_195' title='bbox 941 2279 1083 2354; x_wconf 87' lang='lat' dir='ltr'>vorando,</span> 
     </span>
     <span class='ocr_line' id='line_1_25' title="bbox 68 2366 1085 2444; baseline -0.006 -13"><span class='ocrx_word' id='word_1_196' title='bbox 68 2374 99 2430; x_wconf 83' lang='lat' dir='ltr'>ct</span> <span class='ocrx_word' id='word_1_197' title='bbox 117 2370 185 2431; x_wconf 88' lang='lat' dir='ltr'>vult</span> <span class='ocrx_word' id='word_1_198' title='bbox 205 2368 320 2427; x_wconf 91' lang='lat' dir='ltr'>Plinius</span> <span class='ocrx_word' id='word_1_199' title='bbox 338 2369 483 2429; x_wconf 87' lang='lat' dir='ltr'>verticem</span> <span class='ocrx_word' id='word_1_200' title='bbox 506 2368 656 2426; x_wconf 89' lang='lat' dir='ltr'>inmanem</span> <span class='ocrx_word' id='word_1_201' title='bbox 675 2368 737 2427; x_wconf 90' lang='lat' dir='ltr'>vim</span> <span class='ocrx_word' id='word_1_202' title='bbox 755 2367 887 2443; x_wconf 90' lang='lat' dir='ltr'>impetus</span> <span class='ocrx_word' id='word_1_203' title='bbox 905 2366 1028 2444; x_wconf 88' lang='lat' dir='ltr'>habere,</span> <span class='ocrx_word' id='word_1_204' title='bbox 1049 2370 1085 2426; x_wconf 88' lang='lat' dir='ltr'>ut</span> 
     </span>
     <span class='ocr_line' id='line_1_26' title="bbox 67 2455 1124 2537; baseline -0.007 -19"><span class='ocrx_word' id='word_1_205' title='bbox 67 2459 197 2537; x_wconf 87' lang='lat' dir='ltr'>ingens</span> <span class='ocrx_word' id='word_1_206' title='bbox 219 2477 237 2515; x_wconf 87' lang='lat' dir='ltr'>a</span> <span class='ocrx_word' id='word_1_207' title='bbox 255 2457 395 2517; x_wconf 90' lang='lat' dir='ltr'>vertice</span> <span class='ocrx_word' id='word_1_208' title='bbox 414 2459 560 2533; x_wconf 85' lang='lat' dir='ltr'>pontus;</span> <span class='ocrx_word' id='word_1_209' title='bbox 578 2456 723 2518; x_wconf 90' lang='lat' dir='ltr'>vorticem</span> <span class='ocrx_word' id='word_1_210' title='bbox 736 2475 807 2516; x_wconf 90' lang='lat' dir='ltr'>vero</span> <span class='ocrx_word' id='word_1_211' title='bbox 822 2455 1084 2515; x_wconf 87' lang='lat' dir='ltr'>circumactionem</span> <span class='ocrx_word' id='word_1_212' title='bbox 1097 2470 1124 2512; x_wconf 75' lang='lat' dir='ltr'>aa</span> 
     </span>
     <span class='ocr_line' id='line_1_27' title="bbox 68 2547 895 2623; baseline -0.004 -16"><span class='ocrx_word' id='word_1_213' title='bbox 68 2547 168 2607; x_wconf 69' lang='lat' dir='ltr'>undam</span> <span class='ocrx_word' id='word_1_214' title='bbox 195 2565 267 2623; x_wconf 84' lang='lat' dir='ltr'>esse,</span> <span class='ocrx_word' id='word_1_215' title='bbox 291 2549 327 2604; x_wconf 92' lang='lat' dir='ltr'>ut</span> <span class='ocrx_word' id='word_1_216' title='bbox 350 2550 377 2604; x_wconf 84' lang='lat' dir='ltr'>et</span> <span class='ocrx_word' id='word_1_217' title='bbox 397 2548 521 2619; x_wconf 69' lang='lat' dir='ltr'>rapidas</span> <span class='ocrx_word' id='word_1_218' title='bbox 542 2550 625 2605; x_wconf 83' lang='lat' dir='ltr'>occat</span> <span class='ocrx_word' id='word_1_219' title='bbox 646 2563 769 2619; x_wconf 71' lang='lat' dir='ltr'>aequae</span> <span class='ocrx_word' id='word_1_220' title='bbox 791 2550 895 2604; x_wconf 65' lang='lat' dir='ltr'>coner.</span> 
     </span>
    </p>

    <p class='ocr_par' dir='ltr' id='par_1_5' title="bbox 66 2627 1124 3332">
     <span class='ocr_line' id='line_1_28' title="bbox 138 2627 1083 2716; baseline -0.002 -22"><span class='ocrx_word' id='word_1_221' title='bbox 138 2635 175 2696; x_wconf 87' lang='lat' dir='ltr'>K.</span> <span class='ocrx_word' id='word_1_222' title='bbox 191 2635 218 2691; x_wconf 88' lang='lat' dir='ltr'><strong>V</strong></span> <span class='ocrx_word' id='word_1_223' title='bbox 236 2637 308 2709; x_wconf 86' lang='lat'>193,</span> <span class='ocrx_word' id='word_1_224' title='bbox 323 2637 363 2694; x_wconf 80' lang='lat'>37</span> <span class='ocrx_word' id='word_1_225' title='bbox 382 2631 498 2711; x_wconf 89' lang='lat' dir='ltr'>(Pomp.</span> <span class='ocrx_word' id='word_1_226' title='bbox 514 2628 632 2712; x_wconf 79' lang='lat' dir='ltr'>comm.)</span> <span class='ocrx_word' id='word_1_227' title='bbox 658 2627 781 2716; x_wconf 84' lang='lat' dir='ltr'>(Inger</span> <span class='ocrx_word' id='word_1_228' title='bbox 800 2682 806 2694; x_wconf 91' lang='lat'>.</span> <span class='ocrx_word' id='word_1_229' title='bbox 822 2681 828 2692; x_wconf 94' lang='lat'><em>.</em></span> <span class='ocrx_word' id='word_1_230' title='bbox 844 2683 850 2694; x_wconf 94' lang='lat'>.</span> <span class='ocrx_word' id='word_1_231' title='bbox 865 2634 974 2693; x_wconf 83' lang='lat' dir='ltr'>tertiae</span> <span class='ocrx_word' id='word_1_232' title='bbox 994 2633 1083 2692; x_wconf 89' lang='lat' dir='ltr'>decli-</span> 
     </span>
     <span class='ocr_line' id='line_1_29' title="bbox 69 2723 1086 2800; baseline -0.005 -15"><span class='ocrx_word' id='word_1_233' title='bbox 69 2724 204 2785; x_wconf 87' lang='lat' dir='ltr'>nationis</span> <span class='ocrx_word' id='word_1_234' title='bbox 218 2724 381 2784; x_wconf 88' lang='lat' dir='ltr'>voluerunt</span> <span class='ocrx_word' id='word_1_235' title='bbox 395 2724 524 2782; x_wconf 88' lang='lat' dir='ltr'>maiores</span> <span class='ocrx_word' id='word_1_236' title='bbox 539 2724 635 2783; x_wconf 90' lang='lat' dir='ltr'>nostri</span> <span class='ocrx_word' id='word_1_237' title='bbox 650 2742 713 2783; x_wconf 91' lang='lat' dir='ltr'>esse</span> <span class='ocrx_word' id='word_1_238' title='bbox 728 2725 784 2783; x_wconf 89' lang='lat' dir='ltr'>hoo</span> <span class='ocrx_word' id='word_1_239' title='bbox 796 2743 913 2782; x_wconf 89' lang='lat' dir='ltr'>nomen.</span> <span class='ocrx_word' id='word_1_240' title='bbox 936 2723 1086 2800; x_wconf 88' lang='lat' dir='ltr'>posterior</span> 
     </span>
     <span class='ocr_line' id='line_1_30' title="bbox 67 2811 1084 2889; baseline -0.006 -14"><span class='ocrx_word' id='word_1_241' title='bbox 67 2818 174 2875; x_wconf 83' lang='lat' dir='ltr'>tamen</span> <span class='ocrx_word' id='word_1_242' title='bbox 199 2814 283 2872; x_wconf 89' lang='lat' dir='ltr'>aetas</span> <span class='ocrx_word' id='word_1_243' title='bbox 302 2813 462 2888; x_wconf 87' lang='lat' dir='ltr'>usurpavit</span> <span class='ocrx_word' id='word_1_244' title='bbox 481 2812 538 2872; x_wconf 92' lang='lat' dir='ltr'>sibi</span> <span class='ocrx_word' id='word_1_245' title='bbox 556 2833 652 2871; x_wconf 91' lang='lat' dir='ltr'>unum</span> <span class='ocrx_word' id='word_1_246' title='bbox 670 2831 782 2889; x_wconf 83' lang='lat' dir='ltr'>casum,</span> <span class='ocrx_word' id='word_1_247' title='bbox 804 2813 898 2872; x_wconf 88' lang='lat' dir='ltr'>istum</span> <span class='ocrx_word' id='word_1_248' title='bbox 917 2813 1015 2872; x_wconf 90' lang='lat' dir='ltr'>solum</span> <span class='ocrx_word' id='word_1_249' title='bbox 1033 2811 1084 2870; x_wconf 89' lang='lat' dir='ltr'>ab·</span> 
     </span>
     <span class='ocr_line' id='line_1_31' title="bbox 66 2892 1124 2981; baseline -0.007 -18"><span class='ocrx_word' id='word_1_250' title='bbox 66 2903 198 2963; x_wconf 87' lang='lat' dir='ltr'>lativum</span> <span class='ocrx_word' id='word_1_251' title='bbox 222 2901 407 2978; x_wconf 86' lang='lat' dir='ltr'>singularem</span> <span class='ocrx_word' id='word_1_252' title='bbox 435 2902 472 2959; x_wconf 90' lang='lat' dir='ltr'>ab</span> <span class='ocrx_word' id='word_1_253' title='bbox 496 2902 552 2960; x_wconf 89' lang='lat' dir='ltr'>hoc</span> <span class='ocrx_word' id='word_1_254' title='bbox 575 2892 705 2981; x_wconf 86' lang='lat' dir='ltr'>ingero).</span> <span class='ocrx_word' id='word_1_255' title='bbox 751 2900 831 2960; x_wconf 87' lang='lat' dir='ltr'>unde</span> <span class='ocrx_word' id='word_1_256' title='bbox 853 2901 884 2959; x_wconf 92' lang='lat' dir='ltr'>in</span> <span class='ocrx_word' id='word_1_257' title='bbox 907 2901 1006 2960; x_wconf 91' lang='lat' dir='ltr'>Plinio</span> <span class='ocrx_word' id='word_1_258' title='bbox 1031 2900 1082 2960; x_wconf 86' lang='lat' dir='ltr'>Se·</span> <span class='ocrx_word' id='word_1_259' title='bbox 1098 2915 1124 2956; x_wconf 83' lang='lat' dir='ltr'>oo</span> 
     </span>
     <span class='ocr_line' id='line_1_32' title="bbox 68 2989 1084 3068; baseline -0.004 -16"><span class='ocrx_word' id='word_1_260' title='bbox 68 2992 168 3052; x_wconf 86' lang='lat' dir='ltr'>cundo</span> <span class='ocrx_word' id='word_1_261' title='bbox 191 2991 322 3068; x_wconf 87' lang='lat' dir='ltr'>legimns</span> <span class='ocrx_word' id='word_1_262' title='bbox 347 2990 489 3066; x_wconf 88' lang='lat' dir='ltr'>quoniam</span> <span class='ocrx_word' id='word_1_263' title='bbox 511 2990 716 3049; x_wconf 88' lang='lat' dir='ltr'>nominativus</span> <span class='ocrx_word' id='word_1_264' title='bbox 735 2990 898 3067; x_wconf 86' lang='lat' dir='ltr'>singularis</span> <span class='ocrx_word' id='word_1_265' title='bbox 917 3010 976 3049; x_wconf 92' lang='lat' dir='ltr'>non</span> <span class='ocrx_word' id='word_1_266' title='bbox 996 2989 1084 3049; x_wconf 86' lang='lat' dir='ltr'>debet</span> 
     </span>
     <span class='ocr_line' id='line_1_33' title="bbox 67 3078 1083 3158; baseline -0.004 -18"><span class='ocrx_word' id='word_1_267' title='bbox 67 3099 133 3142; x_wconf 87' lang='lat' dir='ltr'>esse</span> <span class='ocrx_word' id='word_1_268' title='bbox 155 3081 253 3158; x_wconf 80' lang='lat' dir='ltr'>inger,</span> <span class='ocrx_word' id='word_1_269' title='bbox 277 3078 329 3137; x_wconf 87' lang='lat' dir='ltr'>sad</span> <span class='ocrx_word' id='word_1_270' title='bbox 352 3078 409 3138; x_wconf 88' lang='lat' dir='ltr'>hoc</span> <span class='ocrx_word' id='word_1_271' title='bbox 428 3079 576 3156; x_wconf 87' lang='lat' dir='ltr'>iugerum.</span> <span class='ocrx_word' id='word_1_272' title='bbox 613 3097 682 3136; x_wconf 88' lang='lat' dir='ltr'>num</span> <span class='ocrx_word' id='word_1_273' title='bbox 702 3097 761 3138; x_wconf 92' lang='lat' dir='ltr'>non</span> <span class='ocrx_word' id='word_1_274' title='bbox 779 3082 880 3155; x_wconf 89' lang='lat' dir='ltr'>potest</span> <span class='ocrx_word' id='word_1_275' title='bbox 899 3079 931 3136; x_wconf 88' lang='lat' dir='ltr'>in</span> <span class='ocrx_word' id='word_1_276' title='bbox 949 3078 1083 3138; x_wconf 89' lang='lat' dir='ltr'>ablativo</span> 
     </span>
     <span class='ocr_line' id='line_1_34' title="bbox 68 3165 1083 3247; baseline -0.007 -18"><span class='ocrx_word' id='word_1_277' title='bbox 68 3169 218 3247; x_wconf 81' lang='lat' dir='ltr'>singulari</span> <span class='ocrx_word' id='word_1_278' title='bbox 237 3186 253 3227; x_wconf 92' lang='lat' dir='ltr'>o</span> <span class='ocrx_word' id='word_1_279' title='bbox 272 3168 377 3227; x_wconf 88' lang='lat' dir='ltr'>littera</span> <span class='ocrx_word' id='word_1_280' title='bbox 396 3169 551 3226; x_wconf 87' lang='lat' dir='ltr'>terminari</span> <span class='ocrx_word' id='word_1_281' title='bbox 570 3168 601 3225; x_wconf 91' lang='lat' dir='ltr'>in</span> <span class='ocrx_word' id='word_1_282' title='bbox 620 3170 728 3226; x_wconf 88' lang='lat' dir='ltr'>neutro</span> <span class='ocrx_word' id='word_1_283' title='bbox 747 3187 856 3245; x_wconf 89' lang='lat' dir='ltr'>genere</span> <span class='ocrx_word' id='word_1_284' title='bbox 875 3167 932 3225; x_wconf 88' lang='lat' dir='ltr'>nisi</span> <span class='ocrx_word' id='word_1_285' title='bbox 952 3185 970 3224; x_wconf 90' lang='lat' dir='ltr'>a</span> <span class='ocrx_word' id='word_1_286' title='bbox 988 3165 1083 3224; x_wconf 90' lang='lat' dir='ltr'>nomi·</span> 
     </span>
     <span class='ocr_line' id='line_1_35' title="bbox 69 3255 975 3332; baseline -0.007 -14"><span class='ocrx_word' id='word_1_287' title='bbox 69 3260 174 3318; x_wconf 82' lang='lat' dir='ltr'>nativo</span> <span class='ocrx_word' id='word_1_288' title='bbox 197 3276 248 3317; x_wconf 81' lang='lat' dir='ltr'>ura</span> <span class='ocrx_word' id='word_1_289' title='bbox 271 3257 448 3329; x_wconf 82' lang='lat' dir='ltr'>terminato,</span> <span class='ocrx_word' id='word_1_290' title='bbox 470 3256 525 3315; x_wconf 90' lang='lat' dir='ltr'>hoc</span> <span class='ocrx_word' id='word_1_291' title='bbox 549 3256 697 3332; x_wconf 90' lang='lat' dir='ltr'>templum</span> <span class='ocrx_word' id='word_1_292' title='bbox 720 3256 757 3314; x_wconf 91' lang='lat' dir='ltr'>ab</span> <span class='ocrx_word' id='word_1_293' title='bbox 779 3256 835 3316; x_wconf 90' lang='lat' dir='ltr'>hoc</span> <span class='ocrx_word' id='word_1_294' title='bbox 854 3255 975 3330; x_wconf 90' lang='lat' dir='ltr'>templo.</span> 
     </span>
    </p>
   </div>
   <div class='ocr_carea' id='block_1_3' title="bbox 141 3457 1084 3586">
    <p class='ocr_par' dir='ltr' id='par_1_6' title="bbox 141 3457 1084 3586">
     <span class='ocr_line' id='line_1_36' title="bbox 141 3457 1084 3586; baseline -0.006 -68"><span class='ocrx_word' id='word_1_295' title='bbox 141 3471 156 3518; x_wconf 92' lang='lat'>1</span> <span class='ocrx_word' id='word_1_296' title='bbox 175 3461 346 3586; x_wconf 49' lang='lat' dir='ltr'>vectigal]</span> <span class='ocrx_word' id='word_1_297' title='bbox 365 3461 399 3515; x_wconf 89' lang='lat' dir='ltr'>cf.</span> <span class='ocrx_word' id='word_1_298' title='bbox 415 3460 486 3515; x_wconf 86' lang='lat' dir='ltr'>Non.</span> <span class='ocrx_word' id='word_1_299' title='bbox 501 3478 527 3530; x_wconf 83' lang='lat' dir='ltr'>p.</span> <span class='ocrx_word' id='word_1_300' title='bbox 543 3465 603 3528; x_wconf 85' lang='grc'>408,</span> <span class='ocrx_word' id='word_1_301' title='bbox 622 3460 696 3514; x_wconf 87' lang='lat' dir='ltr'>unde</span> <span class='ocrx_word' id='word_1_302' title='bbox 710 3459 889 3529; x_wconf 87' lang='lat' dir='ltr'>perspicuum</span> <span class='ocrx_word' id='word_1_303' title='bbox 905 3461 948 3513; x_wconf 87' lang='lat' dir='ltr'>cst</span> <span class='ocrx_word' id='word_1_304' title='bbox 961 3457 1084 3512; x_wconf 87' lang='lat' dir='ltr'>Nonium</span> 
     </span>
    </p>
   </div>
   <div class='ocr_carea' id='block_1_4' title="bbox 70 3531 922 3591">
    <p class='ocr_par' dir='ltr' id='par_1_7' title="bbox 70 3531 922 3591">
     <span class='ocr_line' id='line_1_37' title="bbox 70 3531 922 3591; baseline -0.006 0"><span class='ocrx_word' id='word_1_305' title='bbox 70 3538 99 3591; x_wconf 87' lang='lat' dir='ltr'>ct</span> <span class='ocrx_word' id='word_1_306' title='bbox 116 3537 261 3590; x_wconf 88' lang='lat' dir='ltr'>auctorem</span> <span class='ocrx_word' id='word_1_307' title='bbox 301 3531 400 3586; x_wconf 89' lang='lat' dir='ltr'>harisii</span> <span class='ocrx_word' id='word_1_308' title='bbox 419 3531 522 3586; x_wconf 89' lang='lat' dir='ltr'>artiore</span> <span class='ocrx_word' id='word_1_309' title='bbox 540 3531 652 3585; x_wconf 88' lang='lat' dir='ltr'>vinculo</span> <span class='ocrx_word' id='word_1_310' title='bbox 672 3531 834 3585; x_wconf 87' lang='lat' dir='ltr'>coniunctos</span> <span class='ocrx_word' id='word_1_311' title='bbox 854 3546 922 3586; x_wconf 87' lang='lat' dir='ltr'>esse.</span> 
     </span>
    </p>
   </div>
   <div class='ocr_carea' id='block_1_5' title="bbox 0 0 1242 3914">
    <p class='ocr_par' dir='ltr' id='par_1_8' title="bbox 0 0 1242 3914">
     <span class='ocr_line' id='line_1_38' title="bbox 0 0 1242 3914; baseline 0 0"><span class='ocrx_word' id='word_1_312' title='bbox 0 0 1242 3914; x_wconf 95' lang='lat' dir='ltr'> </span> 
     </span>
    </p>
   </div>
  </div>
 </body>
</html>
