2476 3914
97 166 161 224 XVI
201 136 204 141 Ι
379 166 629 223 commentariolus
647 166 815 236 isagogicus.

96 311 138 364 Ex
156 309 248 365 Venii
267 308 362 363 Flacci
383 307 464 363 libris
483 309 529 363 hio
547 309 670 379 primum
693 310 930 364 commemorandi
952 313 1019 366 sunt
1040 313 1108 369 libri

96 391 131 445 de
149 389 358 459 orthographia,
374 406 443 457 quos
458 389 648 444 adhibuerunt
661 389 770 444 Plinius
786 392 815 444 et
828 389 1027 460 Quintilianus,
1041 398 1109 463 post

97 470 244 526 Terentius
276 471 395 525 Scaurus
429 471 457 524 et
484 469 582 523 Velius
613 470 740 538 Longus,
769 486 802 523 ex
833 469 959 525 fontibus
992 477 1110 532 secundi

95 549 201 604 ordinis
219 550 266 604 vel
284 549 415 618 epitomis
435 548 577 603 Charisius
597 552 625 604 et
643 549 792 604 Diomedes
812 549 906 604 omnia
925 551 1109 614 deduxerunt.

164 630 327 698 Antequam
350 629 387 683 ad
410 628 496 683 Plinii
523 628 611 684 libros
639 628 802 699 aggredior,
830 632 921 684 restat
948 635 980 687 ut
1008 635 1042 689 de
1070 637 1107 692 M.

95 710 209 766 Valerio
227 711 317 766 Probo
336 709 450 779 Berytio
470 710 499 764 et
517 709 552 763 de
566 709 694 764 Remmio
708 709 877 764 Palaemone
895 727 987 780 pauca
1006 714 1109 774 dicam.

97 791 139 845 De
158 791 257 846 ceteris
275 789 336 844 ludi
353 788 498 859 magistris
517 791 546 844 et
564 789 735 858 magistellis
759 791 1021 864 grammaticaque,
1041 815 1110 864 quo·

97 888 159 924 rum
178 888 293 941 operum
312 872 362 924 aut
379 868 452 922 nihil
470 871 598 938 superest
618 872 667 924 aut
693 871 768 924 certe
790 869 863 923 nihil
885 871 945 926 eius
968 874 1057 944 modi,
1077 879 1110 931 ιιι

96 966 130 1004 ex
148 967 180 1005 eo
198 950 296 1018 lingua
314 948 405 1002 latina
422 964 540 1017 magnos
559 948 666 1003 fructus
686 950 851 1021 perceperit,
871 951 998 1007 Suetonii
1012 952 1107 1008 obser-

95 1031 223 1084 vationes
242 1029 272 1082 in
290 1027 387 1083 libello
408 1029 454 1082 ‘de
472 1028 675 1097 grammaticis'
697 1029 847 1086 sufficiunt.
881 1031 1002 1086 Maxime
1020 1030 1106 1086 inter-

97 1112 140 1164 est
157 1115 254 1163 nostra
273 1111 305 1162 ut
323 1109 394 1162 haec
413 1094 513 1163 saltem
526 1107 687 1176 probabilia
702 1125 762 1164 esse
776 1111 831 1165 viri
845 1111 921 1166 docti
937 1111 1104 1167 concedant:

95 1195 119 1242 1.
142 1188 265 1242 Plinium
289 1188 448 1242 Secundum
474 1204 508 1240 ex
530 1187 644 1242 Valerio
668 1190 759 1244 Probo
788 1190 895 1260 aliquid
924 1189 1103 1259 descripsisse

93 1286 150 1322 non
173 1271 313 1339 constare,
336 1284 428 1336 neque
456 1267 545 1321 ullum
569 1269 675 1322 certum
698 1270 851 1341 vestigium
872 1269 990 1325 indicari
1013 1287 1105 1341 posse,

94 1355 118 1405 2.
142 1348 286 1403 Valerium
313 1348 435 1403 Probum
462 1347 620 1418 Berytium,
653 1350 702 1417 qui
729 1353 802 1406 teste
831 1349 962 1406 Suetonio
990 1351 1106 1420 reliquit

95 1429 164 1482 ‘non
182 1428 351 1483 mediocrem
371 1428 471 1483 silvam
485 1428 714 1483 observationum
733 1432 868 1486 sermonis
887 1430 1018 1502 antiqui’,
1034 1448 1107 1500 quae

96 1509 306 1564 observationes
325 1513 376 1563 aut
392 1525 443 1578 per
460 1508 595 1563 lectiones
614 1509 675 1563 eius
694 1527 712 1563 a
731 1511 917 1567 sectatoribus
931 1512 1025 1567 verbis
1043 1531 1106 1581 pro-

95 1591 196 1659 pagari
217 1590 263 1644 vel
285 1589 422 1659 magistro
446 1589 608 1658 disputante
633 1589 664 1643 in
688 1591 832 1646 codicillos
855 1590 954 1646 illatae
978 1593 1014 1645 ad
1033 1591 1104 1644 ahos

93 1670 239 1737 pervenire
257 1671 417 1738 potuerunt,
430 1686 487 1722 non
505 1671 602 1723 tamen
621 1670 764 1725 curavisse
781 1670 865 1724 aliam
882 1673 993 1739 partem
1011 1687 1103 1738 gram-

92 1749 228 1817 maticae,
251 1748 307 1802 nisi
330 1764 402 1816 quae
425 1748 591 1803 versabatur
613 1749 643 1803 in
668 1749 862 1817 emendandis,
887 1748 1103 1820 distinguendis,

93 1827 262 1882 annotandis
290 1826 482 1897 scriptoribus.
519 1828 561 1881 Ex
589 1845 621 1882 eo
650 1828 776 1898 sequitur
806 1830 839 1882 ut
871 1827 920 1896 qui
955 1829 1104 1883 historiam

93 1907 294 1976 grammaticae
307 1907 414 1962 latinae
424 1906 593 1976 describant,
609 1908 718 1964 Valerii
725 1907 810 1962 Probi
818 1925 920 1962 nomen
930 1907 990 1962 sine
999 1925 1102 1980 magno

94 1989 261 2044 detrimento
276 1989 429 2059 praeterire
442 1988 559 2058 possint.
589 1994 613 2044 3.
629 1986 808 2044 Testimoniis
823 1987 908 2042 Gellii
921 1988 952 2042 in
964 1988 1104 2044 Noctibus

93 2070 197 2124 Atticis
215 2071 300 2126 fidem
316 2087 373 2125 non
392 2085 451 2124 esse
470 2069 638 2139 habendam,
658 2067 762 2138 quippe
781 2067 838 2138 qui,
858 2068 883 2122 si
901 2068 970 2138 quid
987 2071 1102 2140 profert,

96 2151 146 2203 aut
165 2168 194 2205 se
214 2149 349 2205 ‘audisse’
370 2150 535 2220 profiteatur
554 2153 604 2204 aut
626 2148 725 2205 lectori
749 2149 798 2204 det
814 2149 902 2205 verba
920 2151 973 2222 (De
990 2149 1104 2204 Valerio

94 2229 184 2285 Probo
202 2231 317 2302 Berytio
339 2250 367 2300 p.
383 2231 489 2301 9-12).
525 2236 551 2285 4.
571 2229 808 2286 Commentariun
831 2229 862 2285 in
879 2229 1000 2301 Vergilii
1017 2231 1105 2284 Buco-

94 2310 151 2365 lica
170 2313 199 2365 et
217 2311 355 2382 Georgica
372 2329 430 2365 non
448 2327 509 2366 esse
526 2310 564 2364 M.
577 2310 686 2366 Valerii
706 2311 793 2366 Probi
809 2312 918 2382 Berytii
937 2313 983 2383 (de
1002 2328 1058 2380 qua
1076 2327 1106 2365 re

94 2391 129 2446 of.
149 2391 311 2447 dissertatio
338 2392 370 2447 B.
389 2390 517 2461 Ktibleri,
548 2396 615 2445 1881
640 2390 784 2461 Berolini).
822 2399 845 2446 o.
869 2392 966 2446 Plures
994 2391 1105 2445 libellos

93 2470 206 2525 nomine
232 2470 317 2524 Probi
345 2487 405 2525 esse
433 2473 560 2538 ornatos,
586 2468 635 2536 qui
661 2486 753 2537 neque
778 2469 881 2523 veteris
909 2469 986 2522 illius
1014 2485 1105 2533 neque

93 2547 210 2603 iunioris
229 2566 290 2604 esse
308 2552 426 2620 possunt
444 2550 490 2619 (cf.
506 2548 606 2604 Studia
620 2547 751 2602 Gelliana
768 2567 795 2616 p.
811 2549 866 2616 25).
890 2547 932 2600 De
951 2545 1015 2598 aliis
1034 2544 1103 2598 locis

93 2629 253 2700 permultis,
273 2630 308 2683 de
334 2628 436 2696 quibus
459 2628 489 2682 in
507 2627 605 2683 libello
628 2643 690 2681 meo
709 2626 751 2681 De
769 2625 882 2680 Valerio
900 2625 991 2679 Probo
1013 2623 1104 2677 fusius

94 2709 273 2779 dictumest,
299 2708 432 2763 hocloco
450 2725 507 2763 non
530 2707 629 2762 dicam.
667 2707 753 2776 Spero
778 2705 848 2760 alios
873 2703 918 2757 his
936 2702 1103 2772 fragmentis

93 2788 231 2843 Plinianis
258 2787 379 2858 cognitis
406 2788 480 2842 hanc
507 2785 701 2856 quaestionem
727 2786 829 2841 iterum
854 2784 1043 2852 suscepturos,
1072 2787 1105 2838 ut

95 2867 196 2923 deinde
215 2871 353 2938 appareat
371 2869 439 2937 quid
456 2866 638 2938 cogitandum
652 2867 690 2922 sit
704 2867 738 2922 de
752 2865 802 2919 illo
816 2863 916 2933 Probo,
935 2861 984 2930 qui
998 2862 1103 2918 centies

93 2949 169 3017 apud
193 2947 363 3018 charisium,
391 2948 567 3018 Diomedem,
590 2947 767 3002 Priscianum
788 2944 928 2999 laudatur.
965 2942 1104 3011 Equidem

93 3028 203 3083 nullum
220 3028 410 3098 fragmentum
429 3045 524 3084 eruere
542 3027 631 3097 potui,
652 3025 710 3081 sive
723 3023 809 3079 Plinii
821 3022 934 3077 nomine
949 3027 1010 3079 erat
1024 3042 1103 3080 orna-

95 3111 156 3163 tum
175 3108 233 3172 sive
258 3101 335 3162 certa
358 3107 481 3178 vestigia
504 3107 620 3177 originis
642 3105 789 3161 Plinianae
811 3103 841 3158 in
864 3103 956 3160 fronte
979 3107 1104 3177 gerebat,

93 3189 123 3243 in
151 3207 206 3258 quo
230 3188 316 3242 Probi
343 3204 456 3242 manum
484 3203 636 3258 agnoscere
663 3184 734 3239 mihi
762 3184 891 3256 contigit.
932 3187 970 3241 Et
995 3183 1102 3240 Plinius

95 3273 223 3326 auctores
246 3285 311 3323 suos
334 3267 460 3323 indicare
482 3285 538 3322 non
560 3269 684 3335 veretur,
711 3266 786 3333 quod
810 3267 917 3337 etipse
935 3265 1056 3321 testatur
1073 3259 1104 3312 in

94 3349 269 3419 praefatione
291 3349 326 3404 N.
345 3349 379 3405 H.
399 3353 431 3402 21
454 3348 514 3402 ‘est
536 3346 610 3401 enim
632 3345 787 3415 benignum
806 3391 918 3404 .....
938 3348 967 3399 et
988 3341 1102 3411 plenum

95 3430 211 3501 ingenui
228 3427 342 3501 pudoris
360 3427 445 3482 fateri
462 3443 512 3498 per
531 3443 601 3494 quos
619 3427 791 3496 profeceris’.

166 3509 244 3575 Quod
272 3509 310 3564 ad
332 3506 490 3564 Remmium
512 3506 723 3579 Palaemonem,
752 3502 1031 3564 animadvertendum
1059 3503 1104 3556 est
