2476 3914
156 184 200 248 84
242 182 455 240 adnotationes.
491 181 532 237 De
551 182 681 252 genetivo
700 183 837 255 singulari
854 183 884 238 in
901 201 934 239 cs
952 187 1090 241 exeunte.

155 334 253 395 benda
285 334 354 394 siut.
399 332 554 394 Habemus
586 352 657 394 sane
689 335 765 394 nihil
800 335 884 395 aliud
919 335 978 394 nisi
1018 335 1176 397 misellum

156 424 320 483 frustulum
342 423 438 483 totius
462 424 497 483 de
520 423 567 482 his
589 424 679 483 rebus
702 423 856 484 doctrinae
878 423 978 483 Plinii.

240 608 289 663 De
312 605 469 675 genetivo
492 604 655 674 singulari
676 605 712 661 in
734 617 781 663 as
804 608 953 662 exeunte
976 592 1022 683 (p.
1044 594 1093 684 2).

224 708 496 768 Grammaticorum
519 709 572 786 qui
595 709 632 768 de
655 709 794 787 genetivo
821 709 853 767 in
877 726 924 768 -cs
951 709 1176 785 quaesiverunt

157 798 360 875 antiquissimi
382 801 453 857 sunt
477 797 603 857 Sisenna
626 801 657 857 et
679 798 784 876 Varro,
807 799 876 875 post
898 815 949 857 eos
972 797 1098 858 Plinius
1123 799 1174 859 Se·

157 888 281 946 cundus.
318 885 547 963 Subiungebant
570 887 832 963 quaestiunculam
850 886 954 945 aliam:
977 905 1051 944 num
1072 888 1176 948 dicen-

158 976 230 1033 dum
263 977 341 1034 esset
369 970 484 1051 ‘patres
515 971 666 1034 familiae'
699 994 737 1035 an
766 968 991 1035 ‘familiarum’.
1039 975 1083 1034 Et
1119 977 1174 1036 hos

158 1065 233 1123 duos
252 1065 333 1122 locos
354 1061 544 1123 Charisianos
565 1083 584 1122 a
602 1064 700 1125 Plinio
718 1065 870 1142 profectos
890 1081 963 1141 esse,
983 1083 1175 1143 quamquam

158 1152 248 1228 plane
271 1153 401 1211 intactos
426 1171 489 1211 esse
514 1171 564 1212 eos
587 1173 647 1211 non
675 1154 775 1230 credo,
802 1154 884 1213 ultro
912 1155 1048 1229 apparet.
1096 1155 1176 1215 Erat

159 1240 207 1298 hio
235 1241 393 1318 genetivus
421 1242 633 1320 perantiquus,
662 1243 700 1302 ab
723 1241 949 1320 Indogermanis
972 1245 1121 1319 acceptus
1145 1247 1175 1304 et

159 1330 326 1406 Europaeis
353 1321 538 1411 proprius¹),
568 1331 620 1408 qui
648 1331 680 1389 in
706 1333 812 1409 lingua
840 1331 937 1390 latina
959 1348 977 1389 a
998 1332 1175 1392 vetustissi-

159 1419 215 1478 mis
237 1420 424 1495 temporibus
447 1424 633 1498 propagatus
658 1420 808 1480 cotidiano
827 1420 956 1478 maxime
973 1437 1034 1478 usu
1052 1419 1176 1480 dicendi

160 1511 190 1567 et
217 1509 338 1586 vulgari
362 1528 450 1568 suum
472 1509 573 1569 locum
594 1509 717 1569 tenebat
739 1510 772 1567 in
794 1509 849 1567 illa
870 1510 967 1568 forma
994 1502 1175 1570 ‘familias'.

159 1598 250 1672 Apud
269 1596 428 1657 Gaesarem
450 1617 605 1675 nunquam
623 1598 785 1676 invenitur,
807 1616 929 1674 perraro
948 1597 1031 1675 apud
1048 1596 1176 1659 Livium

159 1688 190 1744 ct
211 1686 359 1744 Tacitum.
397 1685 484 1755 Quod
507 1689 608 1746 autem
631 1687 663 1746 in
685 1687 766 1747 bello
785 1682 1012 1763 Hispan.19,3
1037 1689 1068 1746 et
1091 1687 1174 1748 bello

159 1772 243 1831 Alex.
260 1776 311 1850 58,
326 1777 354 1847 4,
379 1775 461 1847 apud
484 1775 644 1851 scriptores
663 1776 788 1834 ultimae
808 1776 918 1835 aetatis
936 1779 967 1835 et
984 1774 1016 1833 in
1034 1774 1176 1856 Vulgata

159 1861 273 1939 legitur
295 1881 356 1920 non
379 1862 532 1923 miramur.

225 1950 288 2009 Has
321 1951 432 2010 formas
465 1952 496 2010 in
524 1970 574 2011 os
605 1951 758 2011 interdum
789 1954 868 2012 male
901 1953 1072 2013 intellectas
1108 1973 1175 2015 esse

160 2040 297 2100 videmus
327 2060 362 2100 ex
389 2041 454 2101 loco
484 2040 669 2101 Sallustiano
694 2038 760 2121 (Oh.
782 2036 872 2122 107),
900 2041 953 2100 ubi
981 2041 1106 2103 Servius
1136 2044 1176 2104 ad

160 2129 251 2207 Verg.
274 2130 349 2190 Aen.
368 2131 412 2190 XI
431 2133 508 2191 801:
542 2151 618 2209 „pro
647 2124 843 2192 ‘custodiae'.
888 2131 934 2189 ita
966 2131 1046 2189 enim
1079 2131 1176 2192 etiam

160 2217 258 2296 Asper
276 2219 437 2298 intellegit,
457 2221 529 2281 licet
547 2221 600 2279 alii
621 2214 803 2280 ‘custodias'
823 2220 1030 2280 accusativum
1048 2218 1175 2284 velint“.

159 2306 244 2366 Idem
261 2310 344 2368 valet
362 2309 398 2368 de
417 2327 477 2368 aco.
491 2310 649 2388 Augustas
664 2303 730 2391 (Oh.
748 2301 834 2392 120).
866 2308 895 2367 A
909 2309 1027 2368 sacculo
1041 2307 1086 2367 Vl
1101 2328 1129 2370 a.
1145 2331 1175 2370 u.

159 2397 224 2455 eius
247 2397 330 2456 modi
352 2399 485 2475 genetivi
508 2418 544 2458 ex
567 2419 625 2459 usu
648 2401 849 2459 removentur.
888 2396 973 2467 Quod
997 2397 1036 2456 ad
1057 2398 1173 2460 formas

160 2478 278 2561 ‘patres
305 2482 451 2545 familias'
479 2507 517 2546 an
541 2481 756 2547 ‘familiarum'
780 2506 892 2564 magna
920 2488 986 2545 erat
1013 2485 1171 2549 dissensio.

161 2574 287 2633 Sisenna
309 2576 377 2635 vult
396 2569 512 2651 ‘patres
535 2570 743 2654 familiarum',
768 2574 915 2652 approbat
933 2574 1030 2634 Varro
1049 2575 1086 2635 de
1109 2577 1130 2636 l.
1154 2579 1174 2637 l.

161 2664 190 2738 8,
208 2665 257 2740 73,
277 2663 330 2739 qui
352 2663 416 2738 ipse
439 2664 541 2720 tamen
561 2664 664 2722 eodem
681 2664 747 2724 loco
768 2668 796 2738 7,
811 2666 854 2723 44
874 2656 1001 2722 ‘matres
1020 2661 1174 2726 familias'

161 2739 212 2828 (cf.
236 2770 258 2808 r.
278 2769 301 2810 r.
322 2752 350 2825 2,
371 2753 421 2828 10,
441 2741 475 2832 8)
499 2754 530 2809 et
553 2753 634 2828 apud
657 2750 710 2813 (lh.
731 2755 792 2812 107
818 2752 854 2811 de
879 2753 1023 2812 scaenicis
1047 2754 1174 2830 origini·

159 2836 216 2897 bus
238 2839 335 2915 primo
360 2843 390 2899 et
412 2839 502 2899 tertio
526 2833 655 2900 ‘matres
677 2836 837 2901 familiae'.
882 2841 929 2899 Ex
951 2842 1016 2901 loco
1043 2840 1175 2903 Charisii

162 2927 304 2986 discimus
327 2929 501 3005 genetivum
523 2929 612 2988 illum
629 2930 661 2988 in
680 2948 780 2990 -crrcrn
798 2931 959 3008 „quoniam
978 2933 1044 2990 erat
1062 2932 1175 2992 durum

163 3020 194 3075 et
226 3017 315 3094 longe
343 3017 503 3077 iucundius
530 3022 653 3095 patrum
680 3019 811 3078 familias
844 3015 993 3079 sonabat“
1020 3039 1080 3079 non
1107 3022 1175 3097 pla·

162 3106 268 3164 cuisse.
314 3105 372 3164 Hic
408 3108 598 3184 agnoscimus
634 3109 816 3168 sententiam
851 3109 943 3167 Plinii
979 3127 1067 3168 aures
1102 3128 1174 3170 con·

162 3195 298 3256 sulentis.
339 3194 501 3255 Praeterea
528 3196 671 3258 Sisennae
698 3197 869 3273 opinionem
900 3199 1014 3258 refellit
1042 3199 1108 3257 iure
1142 3202 1175 3260 et

162 3284 290 3344 fortiter.
338 3284 461 3344 Certum
488 3290 535 3346 est
561 3287 639 3346 illud
662 3282 794 3363 ‘patres'
817 3287 867 3346 vel
890 3280 1017 3347 ‘matres
1041 3288 1173 3348 familia·

234 3474 260 3542 1)
278 3473 397 3527 Videtur
416 3489 456 3527 -es
474 3473 520 3526 vel
539 3490 582 3529 -os
601 3491 665 3529 cum
683 3482 736 3528 -a-
753 3474 856 3529 radicis
876 3473 977 3528 ultima
995 3477 1173 3531 contractum

165 3559 239 3597 csse:
258 3544 293 3600 cf.
313 3545 413 3616 χώρᾶς,
432 3545 489 3615 got.
509 3543 600 3617 gibos,
618 3545 661 3600 lit.
679 3545 791 3615 rairkos,
811 3561 866 3600 osc.
886 3544 984 3600 situas.
