2476 3914
322 175 364 229 De
381 173 628 228 indeclinabilibus
648 177 677 230 et
694 174 848 230 defectivis.
1045 177 1086 240 31

153 324 332 403 cn124,1
361 323 471 384 Biber
494 324 524 385 Ο.
548 325 680 385 Fannius
703 326 858 384 annalium
875 326 950 386 VIII
973 329 1090 388 domina

78 418 152 484 aas,
170 416 221 473 uhi
239 416 279 474 ad
296 415 396 473 cellam
414 419 537 492 senaar,
555 416 669 474 iubebat
686 415 764 474 biber
778 417 857 491 dari,
876 413 951 477 Cato
969 436 1089 495 quoque

77 502 265 582 Originum*
293 502 344 562 sed
373 505 403 562 et
426 503 557 562 Titinius
582 503 615 561 in
637 503 730 562 Pn'lia
757 505 822 563 aare
844 505 888 563 illi
910 507 1001 583 biber,
1028 510 1089 566 tra·

76 594 176 654 camda
197 592 267 651 haec
289 596 335 651 cst.

147 679 271 758 01].97,
293 682 333 740 10
361 679 423 739 Hos
450 680 654 758 pugillares
682 685 712 739 et
734 681 900 741 masculino
924 700 1032 759 genere
1057 693 1087 743 et
1113 700 1126 741 5

78 788 198 846 semper
215 768 375 846 pluraliter
392 769 481 848 dicae,
500 769 579 829 sicut
597 768 720 829 Asinius
738 770 770 827 in
789 764 997 849 Valer<ium>,
1016 774 1088 848 quia

77 859 216 938 pugillus
240 860 286 917 est
308 857 360 934 qni
381 858 484 934 plures
507 857 635 917 tabellas
659 858 792 918 continet
814 859 846 917 in
869 860 976 919 seriem
995 864 1088 920 sutas.

80 951 114 1009 at
139 951 241 1007 tamen
270 947 344 1005 haec
370 947 535 1024 pugillaria
563 947 683 1022 saepius
711 949 891 1008 neutraliter
913 949 987 1008 dicit
1008 950 1088 1008 idem

80 1036 220 1098 Catullus
238 1035 269 1093 in
287 1034 552 1112 hendecasyllabis.
584 1036 659 1094 item
677 1030 845 1114 Laber<ius
863 1037 894 1095 in
912 1034 1087 1118 Piscatore>

78 1124 276 1204 singulariter
297 1124 352 1182 hoc
371 1126 503 1198 pugillar
525 1124 605 1183 dicit.
1103 1145 1128 1185 ro

146 1213 183 1273 Κ.
193 1212 349 1291 vasam
366 1211 530 1282 Quirites
545 1213 729 1290 singularem
743 1234 902 1274 numerum
916 1217 1087 1278 nonhabet.

79 1320 265 1381 quamquam
286 1301 443 1360 Maecenas
466 1300 543 1360 dixit
561 1300 721 1379 Quintam,
746 1303 798 1363 sed
820 1323 880 1363 non
902 1305 1056 1381 recipitur.

146 1390 199 1450 ch.
219 1392 276 1467 53,
296 1392 335 1450 15
438 1390 565 1449 Plautus
594 1391 734 1450 schema
760 1410 814 1467 pro
838 1392 988 1452 schemate
1012 1394 1088 1453 dixit

76 1481 110 1540 in
127 1478 359 1556 Amphitruone,
381 1481 436 1539 tac
454 1497 520 1554 erqo
532 1482 662 1553 processi
681 1497 745 1538 cum
762 1482 859 1539 servili
876 1483 996 1541 schema.
1028 1483 1087 1540 Pli-

77 1569 147 1628 nius
171 1568 315 1628 sermonis
338 1567 423 1627 dubii
444 1568 488 1626 VI
516 1568 552 1627 de
575 1568 710 1626 Varrone
735 1586 821 1641 qaam
843 1572 968 1629 manime
989 1573 1087 1630 viciae
1101 1585 1126 1626 1⁵

79 1657 193 1718 &aero
221 1655 336 1716 Graeca
362 1659 443 1734 dicit,
474 1659 518 1716 ali
543 1674 594 1715 aec
620 1657 770 1717 schematis
796 1659 909 1731 quidem
935 1660 1013 1720 dicat
1038 1662 1088 1720 sed

77 1747 241 1807 saetoso
263 1736 314 1824 (cf.
333 1743 385 1804 oh.
406 1747 478 1822 144,
500 1737 564 1827 17).

144 1833 327 1911 Oh.104,1
353 1835 533 1894 Leontion
557 1837 588 1894 et
610 1834 791 1912 Chrysion
815 1840 845 1896 et
864 1837 1027 1898 Phanion
1051 1858 1086 1897 ex

77 1924 195 1984 nautis
220 1921 340 1983 Graecis
367 1923 511 1983 feminina
539 1924 635 1983 nostri
657 1924 778 1984 fecere*
802 1929 833 1985 et
855 1926 983 1986 Plautus
1007 1928 1088 2004 quod

79 2013 156 2073 dixit
182 2013 255 2072 haec
278 2011 487 2090 Phronesium,
516 2015 546 2072 et
569 2011 718 2071 Caecilius
745 2013 912 2074 Leontium.
958 2015 1088 2074 Varroni
1101 2030 1127 2071 so

79 2104 184 2161 sutem
201 2101 303 2178 placet
322 2102 398 2160 talia
415 2101 537 2160 nomina
555 2101 657 2160 dativo
675 2105 796 2161 tantum
814 2121 886 2161 casu
905 2106 936 2162 et
954 2103 1086 2163 ablativo

79 2190 233 2266 declinari,
257 2190 289 2248 in
312 2191 418 2250 ueteris
442 2207 513 2250 vero
537 2189 579 2247 sio
602 2189 701 2248 efferri
723 2193 759 2249 ut
782 2191 975 2250 nominativo.

145 2277 197 2338 Oli
219 2280 291 2356 141,
312 2281 354 2339 20
372 2278 524 2338 Panium
544 2275 654 2336 Caesar
671 2278 707 2337 de
726 2279 866 2355 analogia
884 2277 960 2337 libro
979 2279 1010 2337 II
1028 2280 1087 2339 dici

76 2367 186 2427 dehere
214 2367 265 2426 ait.
312 2368 364 2427 sed
386 2366 512 2426 Verrius
535 2369 646 2425 contra.
683 2385 754 2425 nam
780 2370 792 2427 e'
818 2367 955 2427 detracta
971 2387 1087 2441 parram

77 2457 123 2516 ait
145 2455 205 2515 diei
227 2456 343 2516 debere.
380 2458 522 2515 neutrum
545 2458 647 2513 autem
669 2459 744 2531 puto
761 2474 849 2532 posse
869 2455 935 2534 dici,
959 2457 1030 2534 quia
1049 2457 1085 2518 de
1101 2472 1125 2514 ss

125 2612 182 2732 dit
200 2606 379 2732 Ipeontion]
402 2607 480 2661 locus
499 2609 657 2676 corruptus,
677 2607 785 2675 dequo
805 2607 891 2662 Keilii
909 2608 972 2663 adn.
992 2609 1085 2664 confe-

73 2694 125 2733 ren
146 2694 164 2733 a
182 2694 233 2733 es.

148 2826 163 2874 1
183 2818 292 2891 biber]
315 2818 345 2872 in
366 2819 493 2889 margine
512 2819 546 2875 N.
570 2820 659 2876 adsar.
683 2821 715 2876 ab
732 2828 817 2876 πιεῖν.
853 2821 959 2877 Dubito
984 2838 1020 2876 an
1038 2839 1085 2877 ve-

76 2894 152 2947 teres
175 2906 232 2945 non
254 2890 445 2945 intellexerint
466 2890 585 2945 formam
608 2891 750 2946 verbalem
773 2892 926 2960 vulgarem.
960 2893 994 2948 cf.
1019 2897 1084 2948 ante

75 2962 173 3018 omnia
190 2961 222 3016 K.
242 2962 281 3017 IV
299 2981 325 3032 p.
340 2966 401 3031 502,
416 2967 458 3017 32.
475 2994 506 3002 -
527 2969 542 3016 t
560 2962 766 3035 pugillares]
786 2961 920 3017 dubitant
937 2963 991 3018 viri
1009 2965 1085 3019 docti

75 3033 110 3088 de
134 3033 248 3088 nomine
266 3031 374 3087 Valerii
401 3050 437 3088 sc.
458 3031 562 3089 Catulli
583 3033 758 3102 (Hauptius);
782 3036 814 3088 ia
837 3034 991 3090 Labienum
1012 3034 1085 3104 legit

74 3104 244 3159 Bondamus.
273 3103 314 3158 De
329 3102 425 3158 Asinio
439 3103 565 3159 Pollione
582 3104 764 3158 historiarum
782 3104 917 3173 scriptore
932 3109 961 3158 et
975 3107 1084 3159 oratore

74 3192 172 3230 omnes
186 3175 313 3245 cogitant
327 3178 442 3244 praeter
455 3174 628 3230 Thorbeclxiu
687 3176 722 3229 de
736 3176 783 3232 As.
797 3174 856 3230 Pol.
870 3194 897 3245 p.
914 3181 972 3240 124,
991 3192 1083 3244 gram-

73 3247 210 3301 maticum
233 3263 296 3301 eum
315 3262 375 3300 esse
393 3248 494 3301 ratum.
530 3247 563 3300 In
581 3263 638 3301 exc.
678 3246 823 3301 auchianis
843 3252 898 3302 est:
917 3247 1034 3301 Asinius
1051 3248 1083 3300 ia

74 3318 216 3374 Valeriam
233 3319 278 3374 lib.
293 3319 315 3372 Ι
329 3319 401 3387 qaia.
434 3317 574 3386 Hauptius
589 3334 633 3386 op.
649 3323 673 3387 2,
689 3323 722 3371 67
740 3317 810 3372 dicit
824 3317 977 3372 Pollionem
996 3315 1082 3370 etiam

74 3389 110 3444 de
124 3389 208 3444 rebus
222 3387 413 3459 grammaticis
429 3387 624 3457 disputavisse,
644 3389 678 3444 cf.
694 3389 741 3444 ch.
758 3394 858 3458 84,11;
873 3391 904 3441 at
917 3388 969 3441 hoo
983 3403 1082 3442 moneo

73 3459 198 3515 Plinium
215 3460 273 3515 fere
292 3458 421 3515 omnibus
439 3457 508 3512 locis
528 3475 561 3514 ex
580 3458 754 3514 orationibus
767 3459 902 3514 Pollionis
919 3457 1083 3513 testimonia

71 3531 199 3587 laudare.
