2476 3914
92 173 118 226 X
334 251 338 259 .
376 171 627 228 commentariolus
644 173 815 244 isagogicus.
840 151 841 154 Ἴ

93 314 134 369 De
166 314 256 371 Ennio
289 313 426 369 cotidiani
458 315 592 370 sermonis
624 315 763 370 vocabula
796 317 948 372 adhibente
979 319 1105 387 loquitur

95 394 190 451 Cicero
210 395 255 451 Or.
270 401 312 464 31,
328 400 378 449 109
403 411 459 466 „an
477 411 529 463 ego
548 396 682 465 Homero,
700 395 803 465 Ennio,
822 397 937 465 reliquis
960 398 1052 467 poetis
1077 402 1106 453 et

95 474 215 529 maxime
240 475 357 544 tragicis
381 475 575 543 concederem,
593 472 630 528 'ut
648 517 761 530 .....
781 492 990 545 nonnumquam
1018 477 1105 530 etiam

50 607 52 614 ,
96 555 132 608 ad
151 553 324 611 cotidianum
342 571 430 625 genus
450 554 584 609 sermonis
608 555 804 624 accederent“;
826 558 973 625 praeterea
991 558 1104 627 Fronto,

96 651 139 704 ep.
159 634 319 691 ad'Verum
336 638 349 692 I
367 655 394 706 p.
411 640 462 708 114
480 633 515 689 N.
539 652 556 689 a
575 651 629 702 quo
648 633 755 689 Ennius
776 635 987 692 ‘multiformis'
1009 639 1104 708 appel-

94 713 177 771 latur.
213 716 335 770 Ennium
356 715 499 786 peculiare
522 730 592 783 opus
616 714 651 768 de
668 715 752 769 rebus
775 717 812 769 ad
835 715 961 786 linguam
985 717 1106 773 latinam

94 795 301 864 pertinentibus
324 812 380 850 non
403 793 548 864 scripsisse
568 796 648 865 apud
671 812 767 850 omnes
791 797 911 852 constat.
948 797 988 852 De
1012 799 1106 853 ortho-

96 875 217 945 graphia
243 876 311 945 quid
339 874 477 930 censuerit
500 877 529 929 et
554 874 623 943 quid
644 875 821 945 praeceperis
844 877 1011 930 sententiam
1034 878 1106 933 ferre

94 973 150 1010 non
163 973 320 1026 possumus,
333 958 482 1026 propterea
497 956 572 1024 quod
587 972 672 1025 opera
681 955 811 1010 Enniana
824 958 931 1010 vestem
945 973 1001 1024 qua
1013 956 1107 1013 induit

96 1051 130 1089 ea
139 1038 225 1104 poeta
234 1035 556 1106 deposueruntfflitschl,
567 1035 618 1104 Op.
624 1037 661 1105 4).
679 1035 815 1090 Novimus
823 1035 943 1090 Ennium
953 1052 1106 1091 consonan-

96 1114 168 1169 tium
190 1114 410 1185 geminationem
434 1115 686 1185 commendavisse,
709 1114 810 1169 Accius
836 1115 977 1170 scribebat
995 1118 1105 1171 vocales

96 1195 222 1263 duplices
236 1213 287 1265 pro
301 1213 358 1250 una
370 1196 457 1265 longa
471 1197 562 1265 (Op.4
575 1213 603 1264 p.
614 1201 684 1265 142),
700 1196 735 1250 de
749 1213 806 1264 qua
819 1213 849 1250 re
862 1195 986 1251 Lucilius
1001 1197 1059 1253 Sat.
1067 1198 1106 1252 IX

96 1290 160 1328 eum
177 1273 365 1344 reprehendit,
384 1274 445 1343 ipse
463 1291 519 1327 non
536 1275 629 1329 minus
645 1274 860 1344 reprehensione
874 1275 985 1347 dignus,
1000 1278 1104 1348 quippe

96 1353 145 1422 qui
163 1355 255 1423 genet.
275 1356 304 1408 et
322 1355 380 1410 dat.
396 1353 567 1424 singularem
585 1355 786 1410 vocabulorum
805 1363 828 1414 1.
845 1357 915 1412 decl.
934 1357 964 1411 in
982 1362 1013 1413 ot
1030 1358 1105 1412 exire

95 1434 190 1506 vellet,
208 1434 312 1490 nomin.
331 1435 402 1504 plur.
422 1434 452 1487 in
470 1453 510 1504 oo,
529 1452 602 1490 nom.
617 1435 688 1504 plur.
705 1442 729 1492 2.
745 1437 815 1493 decl.
834 1437 864 1491 in
882 1439 908 1494 ei
926 1438 1106 1506 eiusdemque

97 1515 208 1586 generis
225 1515 316 1586 plura.
352 1516 437 1570 Porro
457 1514 552 1569 studia
570 1514 653 1569 huius
672 1515 726 1569 viri
744 1517 930 1572 versabantur
948 1518 979 1570 in
997 1517 1107 1571 assimi-

96 1595 204 1651 latione
230 1594 484 1665 praepositionum,
512 1611 565 1649 neo
592 1594 684 1649 minus
707 1595 737 1648 in
765 1595 923 1652 differentia
950 1597 1105 1651 verborum.

96 1676 272 1730 Praecedunt
290 1674 493 1744 grammaticae
510 1673 617 1741 latinae
632 1675 715 1742 quasi
732 1678 879 1744 parentem
892 1676 930 1730 M.
944 1675 1106 1729 Terentium

95 1755 250 1809 Varronem
269 1753 300 1818 Q.
314 1754 444 1808 Valerius
464 1754 585 1808 Soranus
605 1755 634 1808 et
652 1754 681 1809 L.
702 1753 799 1807 Aelius
818 1754 1005 1809 Praeconinus
1025 1755 1107 1826 stilo,

95 1834 230 1890 Varronis
253 1833 401 1903 magister,
421 1832 470 1901 qui
488 1832 644 1888 Stoicorum
667 1832 847 1902 disciplinam
869 1833 900 1888 in
923 1833 1024 1888 studiis
1049 1835 1106 1888 suis

98 1912 292 1984 etymologicis
320 1914 498 1981 sequebatur.
534 1913 605 1966 Tum
632 1913 661 1969 L.
691 1912 834 1968 Cornelius
863 1913 993 1984 Sisenna,
1024 1931 1107 1982 quern

52 2031 59 2045 .
98 1996 217 2049 eundem
236 2011 297 2049 esse
316 1996 402 2062 atque
420 1991 635 2062 grammaticum
653 1991 735 2046 illum
754 1993 891 2062 suspicari
909 2010 962 2063 me,
976 1993 1035 2047 iarn
1049 1994 1105 2049 alio

95 2075 157 2130 loco
172 2073 386 2129 commemoravi
393 2074 422 2144 1),
435 2074 465 2128 L.
475 2073 583 2128 Plotius
593 2071 699 2142 Gallus,
719 2072 817 2128 Sevius
828 2072 960 2142 Nicanor,
974 2073 1104 2128 Aurelius

64 2219 69 2230 ι
99 2155 208 2225 Opilius
227 2155 340 2224 aliique.
368 2155 445 2209 Haec
463 2152 592 2222 quamvis
610 2153 780 2223 pervulgata
798 2170 831 2209 eo
850 2153 972 2224 disputo,
991 2155 1107 2209 utente

96 2237 253 2291 Varronem
279 2237 416 2303 quantum
443 2233 558 2304 linguae
581 2233 688 2288 latinae
711 2233 830 2289 scientia
852 2234 897 2289 his
921 2233 1021 2289 studiis
1044 2250 1108 2304 pro-

96 2315 196 2371 fecerit
222 2316 252 2369 in
279 2314 443 2370 memoriam
469 2331 605 2370 revocem.
641 2315 675 2369 ln
701 2315 755 2370 hac
781 2331 812 2370 re
839 2314 933 2384 ipsum
955 2315 1107 2370 Varronem

98 2396 234 2450 habemus
252 2397 356 2450 testem
373 2394 403 2447 in
421 2393 501 2448 libris
521 2394 722 2465 grammaticis.
750 2396 850 2463 Itaque
868 2413 924 2449 non
942 2398 1002 2448 tam
1016 2411 1107 2463 gram-

98 2475 217 2530 maticos
246 2491 362 2544 graems
386 2490 471 2542 quam
497 2474 602 2528 latinos
625 2475 793 2529 Graecorum
817 2490 883 2528 sane
907 2473 1035 2528 doctrina
1057 2474 1108 2526 im-

98 2555 181 2610 butos
200 2570 263 2609 eum
283 2553 363 2622 sequi
381 2553 598 2607 existimandum
617 2555 667 2608 est.

168 2633 302 2690 Varronis
322 2649 407 2702 opera
421 2649 494 2701 quae
513 2633 550 2687 ad
568 2632 696 2701 linguam
714 2631 835 2686 latinam
852 2632 995 2702 pertinent
1009 2634 1038 2686 et
1051 2632 1108 2702 ipsi

99 2719 128 2770 et
145 2713 280 2770 Romanis
299 2730 406 2767 summo
425 2712 525 2768 honori
545 2717 622 2782 sunt,
642 2729 715 2781 quae
734 2712 847 2781 quidem
870 2712 1029 2782 permulta
1048 2729 1107 2766 sae-

99 2796 163 2850 cula
190 2793 318 2849 omnibus
347 2794 441 2847 essent
468 2808 571 2862 magno
600 2792 734 2849 subsidio.
770 2791 911 2848 Praeclari
927 2793 1004 2846 erat
1030 2791 1107 2846 illius

99 2874 210 2946 generis
224 2873 377 2942 hominum,
391 2872 441 2941 qui
454 2872 569 2942 egregia
582 2872 725 2943 memoria,
739 2872 836 2942 magni
849 2870 954 2927 laboris
969 2888 1108 2926 summae·

100 2972 154 3024 que
172 2953 328 3008 industriae
346 2954 450 3021 vixque
469 2953 617 3021 aequanda
636 2952 846 3022 perseverantia
860 2952 894 3006 de
909 2951 1005 3006 multis
1024 2953 1108 3007 rebus

99 3035 190 3090 multa
208 3036 237 3088 et
255 3032 401 3088 elaborata
418 3033 542 3103 proferre
560 3033 638 3088 nullo
657 3032 771 3102 negotio
789 3031 906 3101 possint.

170 3114 297 3168 Favebat
315 3113 342 3167 ei
359 3113 476 3182 longum
493 3113 570 3168 vitae
587 3116 698 3184 tempus
717 3129 734 3167 a
757 3111 801 3166 dis
821 3113 918 3181 aequis
937 3130 1107 3181 concessum,

101 3211 272 3266 quamquam
294 3209 390 3248 omnes
413 3193 471 3248 fere
495 3195 570 3248 artes
593 3196 623 3248 et
646 3191 809 3262 disciplinas
838 3195 899 3247 tum
925 3194 1053 3262 cognitas
1078 3191 1108 3243 in

100 3276 192 3331 medio
211 3275 280 3330 belli
302 3274 427 3329 tumultu
449 3276 478 3328 et
501 3273 586 3327 armis
610 3271 739 3327 civilibus
763 3273 920 3330 exercebat.
955 3274 1053 3328 Libros
1073 3271 1107 3324 de

101 3356 198 3425 lingua
216 3355 307 3410 latina
326 3353 439 3424 scripsit
453 3371 540 3408 annos
558 3353 616 3409 tere
631 3352 813 3423 septuaginta
828 3355 920 3409 natus.
944 3351 1007 3406 Non
1020 3350 1109 3420 igitur

100 3478 179 3484 —.
184 3477 312 3484 *σς-

168 3546 188 3592 1)
203 3544 267 3584 Stud.
282 3544 386 3585 Gelliana
400 3555 421 3592 p.
431 3545 463 3583 23.
