2476 3914
309 153 351 209 De
368 153 528 210 nominibus
546 156 663 224 quartae
681 155 885 210 declinationis.
1063 155 1102 218 17

92 303 148 386 et>
173 305 255 365 lauri
277 305 374 382 Mero,
398 310 424 364 61
444 323 494 366 oos
516 323 533 364 o
555 306 634 366 lauri
657 324 790 379 carpam,
812 306 891 364 idem
914 306 997 365 111661
1020 309 1105 365 etiam

92 398 177 457 laseri
196 398 283 455 etiam
300 396 401 467 flevere
418 397 557 471 myricae,
580 395 659 454 idam
677 413 798 454 mouera
816 399 883 454 6661
901 395 988 455 lauri.
1018 396 1104 454 lauro

92 485 196 561 Maro,
219 485 377 558 faciemque
399 484 547 543 aiuiillima
569 484 666 550 Icaro,
690 482 768 542 idam
801 487 826 542 et
848 501 935 543 sacra
956 486 1105 543 redimitus

92 579 227 648 tempora
245 572 336 632 Icaro.
365 571 418 631 sed
436 572 603 633 ablativum
622 572 805 650 singularem
822 572 924 631 dativo
940 573 1105 632 nonhabet

92 661 235 723 similem.
276 661 321 720 ait
347 660 426 719 enirn
448 660 564 720 Plinius
591 661 661 720 huic
687 661 774 720 lauro
802 664 832 720 61
861 663 962 720 tamen
986 661 1024 720 ab
1047 662 1104 720 hac
1131 676 1144 716 s

94 753 187 813 lauru
211 753 243 809 et
265 749 407 807 leuruum
430 749 536 808 facere.

165 838 217 898 Ch.
238 839 311 915 128,
331 840 371 896 27
397 883 447 899 ...
471 838 577 916 fagus
595 837 762 899 Varronem
781 838 878 898 dicare
897 838 952 898 sub
970 837 1105 911 flittera

94 928 235 989 dedimus
259 927 436 1002 exemplum.

165 1015 217 1075 Ch.
239 1018 310 1092 130,
326 1017 344 1075 5
368 1014 490 1093 Pagus
509 1015 605 1074 Varro
625 1014 661 1074 de
679 1019 760 1094 gent.
778 1015 810 1076 P.
824 1017 858 1075 R.
874 1017 903 1091 Ι,
922 1017 1010 1090 sapas
1033 1032 1106 1088 quas

94 1104 210 1166 Graece
238 1103 355 1182 φηγούς
385 1109 500 1181 cocco&
531 1104 618 1182 fagos
646 1103 675 1164 Ο.
701 1103 810 1164 Caesar
842 1106 878 1164 de
910 1104 1051 1183 analogia
1073 1103 1105 1162 Π
1119 1121 1145 1161 ro

93 1197 182 1269 faqos
199 1193 325 1268 populos
347 1192 447 1252 ulmos.

166 1280 218 1342 cn
239 1283 312 1360 128,
328 1283 367 1341 28
380 1327 386 1339 .
397 1327 403 1341 .
415 1327 422 1340 .
432 1281 531 1341 ficus
550 1280 652 1341 Oicero
667 1282 703 1341 de
719 1284 837 1341 oratore
852 1281 928 1341 libro
942 1281 973 1340 Π
995 1283 1030 1342 de
1047 1284 1106 1354 [166

93 1373 247 1445 6666666111
263 1388 306 1448 66,
324 1370 420 1429 Varro
441 1389 560 1448 quoque
579 1371 615 1429 da
634 1369 777 1430 scaenicis
796 1369 961 1447 originibus
980 1370 1056 1429 libro
1075 1370 1107 1428 H

94 1462 151 1520 aab
168 1459 324 1519 Ruminali
340 1461 406 1531 [166.
438 1459 542 1536 itaque
560 1459 676 1517 Plinius
696 1458 851 1517 Secundus
869 1461 949 1517 recto
969 1457 1107 1517 arborem

94 1550 143 1609 ita
164 1548 224 1608 dici
248 1548 300 1624 ait,
322 1567 446 1623 pomum
468 1567 538 1608 vero
561 1566 649 1624 perc
671 1547 805 1606 litteram
823 1546 890 1606 dici.
922 1545 971 1605 fici
989 1546 1105 1605 Ennius
1122 1563 1147 1604 rs

94 1640 148 1710 fici
176 1638 333 1710 dulciferae
363 1637 501 1697 lactantes
527 1640 613 1696 ubere
643 1640 712 1713 toto;
744 1633 879 1695 Lucilius
906 1638 968 1708 rici,
997 1635 1105 1713 inquit,

97 1728 286 1786 comedamur
307 1730 334 1784 et
354 1743 436 1785 uoce.

165 1813 216 1874 Oh.
239 1815 312 1887 129,
332 1815 349 1873 6
378 1815 523 1892 Prema,
545 1814 635 1874 huius
657 1815 753 1873 fretus
771 1813 894 1874 Porcius
915 1812 1047 1890 Licinus,
1071 1815 1107 1873 ut

96 1903 214 1962 Plinius
239 1903 342 1961 eodem
364 1903 509 1962 sermonis
529 1903 613 1962 dubii
631 1904 706 1963 libro
725 1903 770 1962 VI
792 1904 893 1980 refert,
916 1905 988 1963 salsi
1005 1898 1107 1985 fretae,

97 1992 229 2051 Messala
260 1992 364 2050 contra
391 1991 517 2050 Antonii
547 1992 665 2053 litteras
697 1996 846 2066 capustioe
875 1995 974 2065 fretus.
1025 1991 1107 2050 fretu
1121 2009 1148 2049 ao

97 2078 201 2141 Cicero
229 2099 249 2140 6
273 2078 419 2141 Gaditano
448 2080 548 2156 inquit
574 2083 664 2155 freta,
692 2082 851 2158 Augustus
879 2079 918 2137 ad
940 2079 1108 2138 Antonium

98 2171 178 2242 freta
199 2172 277 2229 cessi.

169 2255 376 2334 6114612
409 2257 579 2316 Senatuis
599 2242 642 2316 ‘ut
668 2256 799 2316 fluctuis.
835 2250 892 2314 ‘aa
920 2248 1106 2332 genetivum'

65 2468 68 2472 ·
171 2450 204 2500 12
223 2444 325 2516 ficus]
345 2471 379 2490 =
398 2444 429 2499 K.
445 2444 482 2498 IV
498 2449 558 2512 214,
574 2449 615 2499 33,
631 2474 664 2482 -
680 2447 712 2496 18
730 2441 853 2514 fretus]
873 2442 907 2499 cf.
922 2441 1007 2496 Prisc.
1021 2459 1049 2510 p.
1059 2447 1107 2507 21,

97 2522 124 2585 3,
137 2515 199 2571 1666
218 2514 347 2571 Pliniano
361 2516 415 2597 (Pr.
430 2521 473 2585 26,
489 2520 555 2596 16),
566 2530 736 2583 quamquam
749 2531 806 2569 non
821 2513 905 2595 facile
920 2515 963 2568 est
976 2512 1107 2567 Pliniana

96 2585 937 2739 usuratudiscussuras.uus
948 2583 1109 2737 11111

97 2729 199 2783 horum
220 2728 369 2784 verborum
391 2746 421 2782 m
444 2746 520 2798 uus,
545 2728 576 2782 in
593 2728 627 2783 N.
646 2728 679 2783 H.
703 2728 783 2782 hbrrs
805 2726 1005 2796 manuscriptis
1027 2726 1109 2782 nobis

98 2798 223 2868 traditis,
247 2799 360 2869 scripsit
378 2801 408 2854 et
425 2799 570 2854 Detlefsen
591 2799 735 2869 (Symbola
753 2798 822 2868 phil.
841 2799 929 2854 Bonn.
947 2816 974 2867 p.
990 2804 1041 2852 712
1057 2800 1109 2868 sq.)

98 2873 129 2926 et
141 2870 255 2925 Bramb.
270 2889 297 2941 p.
313 2876 372 2926 131.
400 2870 474 2925 Ante
493 2869 587 2925 omnia
601 2871 698 2925 Naum.
713 2888 740 2939 p.
756 2874 798 2939 45,
813 2874 856 2938 46,
872 2874 906 2923 50
924 2868 1109 2939 perlegendas

98 2944 155 3011 est3
173 2958 296 3009 namque
314 2943 368 2996 hac
386 2941 434 2996 via
452 2942 489 2995 ad
507 2940 592 2995 Plinii
609 2939 746 2995 librorum
764 2940 1010 3010 grammaticorum
1029 2958 1110 2994 usum

98 3013 177 3083 apud
196 3015 228 3068 A.
248 3012 370 3068 Gellium
387 3012 532 3082 pervenire
549 3029 696 3081 possumus
715 3011 805 3081 (Stud.
825 3010 897 3067 Gall.
910 3029 938 3080 p.
954 3013 989 3081 9).
1018 3010 1110 3066 Μ6116

100 3084 135 3139 (16
158 3082 297 3154 genetiuis
324 3084 408 3138 huius
433 3082 532 3139 declin.
560 3082 649 3138 tradit
672 3083 778 3136 Nonius
802 3100 824 3138 6.
843 3081 920 3151 VIII,
949 3082 998 3151 qui
1024 3097 1108 3150 saepe

100 3155 201 3210 eadem
223 3154 387 3211 testimonia
411 3157 496 3223 atque
518 3153 603 3209 Prisc.
623 3156 659 3224 (p.
676 3158 727 3208 251
740 3155 791 3224 sq.)
811 3152 899 3208 affert.
918 3153 1015 3206 -Ad
1036 3153 1110 3205 hunc

100 3224 194 3280 locum
212 3224 261 3281 ch.
281 3231 340 3295 143,
357 3231 389 3279 12
409 3225 528 3280 conferri
545 3226 640 3295 potest
658 3224 706 3280 oh.
721 3231 763 3293 22,
779 3229 812 3278 18
831 3223 906 3295 (Ero.
924 3224 1108 3290 01153212)

101 3298 130 3351 61
147 3296 249 3366 fragm.
268 3297 406 3351 Bobiense
425 3296 501 3366 apud
519 3296 552 3352 Κ.
571 3296 671 3364 11555,
687 3302 702 3351 6
720 3295 839 3366 (Plinius
859 3296 933 3348 solus
952 3293 983 3346 in
1000 3293 1053 3347 hoc
1075 3291 1108 3346 fr.

101 3366 235 3423 laudatur
253 3387 279 3438 p.
295 3370 367 3438 560).
394 3367 436 3421 De
454 3367 498 3421 his
517 3368 600 3422 rebus
618 3383 709 3436 pauca
728 3366 875 3421 adnotavit
889 3364 958 3419 Gell.
974 3363 1009 3418 N.
1023 3364 1056 3418 A.
1071 3363 1110 3417 IV

103 3443 144 3495 16.
173 3439 245 3494 Sunt
268 3439 326 3494 fere
349 3438 478 3493 omnibus
500 3438 545 3492 his
568 3438 637 3493 locis
659 3437 781 3508 vestigia
803 3439 864 3491 tum
888 3436 1043 3490 claretum
1062 3434 1110 3488 ob-

102 3526 183 3566 scura
205 3509 292 3564 Plinii
315 3508 446 3576 Secundi3
471 3512 515 3564 est
531 3509 605 3565 inter
625 3508 780 3579 complures
799 3507 941 3562 vinculum
959 3506 1110 3576 quoddam,

160 3610 229 3652 Pars.
243 3609 296 3651 dub.
307 3619 372 3652 serm
938 3601 954 3649 2
