2476 3914
93 205 305 263 Adnotationes.
337 206 379 260 De
398 204 524 260 ablativo
543 204 681 274 singulari
698 205 800 261 tertiae
819 205 1024 263 declinationis.
1061 205 1104 270 87

91 361 118 419 si
141 359 215 436 quid
233 357 297 419 veri
319 356 498 434 invenerint,
516 375 609 432 parvo
633 375 693 416 non
716 358 848 418 content'
870 357 953 418 ultra
971 359 1104 436 plerum·

91 469 150 526 que
165 447 303 507 tendunt.
332 446 440 522 Itaque
455 445 594 522 iniquum
613 447 659 504 est
676 447 828 506 hominem
846 447 976 507 hominis
994 448 1105 508 vitium

91 535 316 614 reprehendere,
335 534 422 611 quasi
444 534 560 593 Plinius
579 534 672 595 nimio
691 536 756 596 veri
778 536 983 615 investigandi
1002 537 1103 597 studio

92 626 242 685 adductus
259 624 382 702 regulas
400 623 572 683 subtiliores
592 626 623 683 et
641 623 745 684 futiles
764 626 988 703 excogitaverit.
1026 627 1105 686 Tota

92 715 184 773 Plinii
208 714 351 790 doctrina,
376 731 466 789 quam
491 731 526 771 ex
548 713 686 790 reliquiis
710 732 813 773 eruere
836 715 916 787 licet,
940 715 1103 774 immutata

92 804 125 861 in
144 806 223 862 artes
243 801 455 880 grammaticas
474 820 551 878 quae
570 802 715 862 transiret
732 822 792 863 non
811 806 876 862 erat
895 803 1010 863 idonea.
1038 803 1103 874 Quo

93 893 208 952 factum
239 895 286 951 est
317 893 353 950 ut
384 893 521 951 coartata
549 893 580 950 et
610 890 691 951 intra
718 910 789 953 suos
820 891 895 952 fines
923 892 1053 952 coercita
1085 911 1104 951 a

95 981 301 1059 grammaticis
323 979 520 1058 reciperetur,
544 980 625 1057 quod
653 981 861 1059 cognoscimus
890 1001 905 1041 e
933 982 1104 1058 fragmento

92 1071 146 1130 illo
173 1070 315 1130 Bobiensi
343 1069 378 1128 de
410 1069 530 1129 nomine
561 1071 592 1128 et
623 1071 798 1147 pronomine
827 1061 878 1152 (K.
896 1069 925 1128 V
945 1073 1017 1148 560,
1040 1062 1105 1151 12),

94 1159 147 1218 ubi
165 1159 257 1218 Plinii
275 1178 384 1218 nomen
403 1157 541 1217 additum
560 1161 614 1218 est.
651 1158 753 1236 Atque
773 1159 877 1219 eodem
895 1159 983 1220 modo
1002 1163 1106 1220 nostra

93 1251 193 1307 aetate
230 1248 303 1307 haec
340 1247 427 1323 pueri
461 1246 589 1307 discunt.
636 1247 718 1317 Quae
752 1249 793 1308 sit
823 1249 919 1326 igitur
955 1249 1107 1308 sententia

93 1338 186 1396 Plinii
204 1336 335 1395 Secundi
357 1336 389 1394 in
411 1336 468 1395 bac
486 1355 527 1412 re,
551 1336 716 1413 quaeritur.
755 1338 890 1414 Regulae
910 1340 1049 1413 spectant
1068 1337 1107 1396 ad

94 1426 229 1487 diversas
248 1425 407 1485 verborum
427 1425 536 1485 classes
560 1425 725 1484 secundum
742 1445 902 1484 numerum
920 1426 1108 1503 syllabarum

94 1515 229 1592 genetivi
248 1508 449 1590 (parisyllaba
467 1516 498 1573 et
515 1508 759 1594 imparisyllaba)
780 1516 810 1573 et
825 1517 972 1573 extremas
986 1515 1105 1574 litteras

94 1603 274 1663 nominativi
297 1603 438 1681 digestas.
483 1602 692 1680 Monosyllaba
720 1606 805 1662 extra
831 1604 1004 1682 analogiam
1027 1607 1106 1682 sunt,

94 1693 126 1750 in
150 1693 260 1770 quibus
284 1692 469 1752 consuetudo
492 1692 589 1770 magis
612 1692 769 1751 retinenda
792 1684 1106 1773 est(0h.138,18).

95 1782 197 1840 Prima
219 1780 326 1859 regula
349 1784 407 1854 est,
427 1784 464 1841 ut
487 1782 587 1841 omnia
609 1781 758 1843 vocabula
780 1781 1016 1859 imparisyllaba,
1031 1801 1106 1860 quo-

93 1890 161 1930 rum
189 1870 348 1949 genetivus
376 1871 408 1929 in
431 1873 471 1931 -is
498 1874 598 1947 exeat,
621 1870 653 1930 in
680 1871 814 1931 ablativo
839 1889 853 1930 e
880 1871 1025 1948 habeant3
1053 1871 1106 1930 ubi

93 1979 141 2018 res
161 1960 252 2019 dubia
271 1962 337 2018 erat
355 1958 394 2018 ad
415 1963 603 2036 postremum
621 1978 636 2019 e
653 1960 757 2020 littera
780 1960 935 2036 superavit
953 1952 1021 2038 (Ol.
1034 1963 1108 2038 122,

95 2040 166 2129 23):
192 2095 197 2107 .
222 2095 228 2108 .
253 2096 260 2108 .
283 2048 409 2106 dicimus
434 2049 513 2108 enim
537 2095 543 2107 .
568 2096 574 2107 .
599 2095 605 2107 .
630 2094 636 2106 .
660 2048 777 2108 abhoc
801 2049 911 2125 canali,
935 2048 995 2125 siti,
1018 2049 1104 2127 tussi,

94 2137 180 2194 febri.
212 2136 326 2194 maiore
350 2139 452 2195 tamen
472 2155 508 2194 ex
529 2139 616 2212 parte
640 2136 736 2196 forma
758 2139 878 2195 mutata
902 2138 956 2195 est.
990 2137 1106 2197 abhoc

95 2225 175 2282 enirn
198 2242 280 2302 cane,
304 2223 388 2301 orbe,
412 2224 552 2302 carbone,
576 2227 673 2304 turre,
696 2225 788 2301 falce,
810 2225 894 2302 igne,
916 2227 1013 2303 veste,
1037 2225 1106 2303 fine,

95 2316 209 2391 monte,
242 2315 290 2372 oet
291 2356 422 2372 .....
450 2312 585 2396 dicimus.
616 2345 654 2354 —
687 2313 719 2373 si
751 2312 844 2372 adicis
882 2313 999 2390 aliquid
1035 2305 1106 2396 (hoc

95 2403 178 2460 valet
205 2401 298 2460 etiam
324 2401 356 2460 in
383 2401 569 2481 parisyllaba
596 2405 628 2461 11
649 2402 681 2460 in
708 2397 840 2480 reliqua)
867 2404 880 2461 a'
905 2402 1009 2462 littera
1037 2403 1110 2462 scri-

94 2491 192 2550 benda
216 2494 262 2550 est
285 2481 352 2572 (Ch.
373 2493 445 2568 120,
468 2493 521 2567 173
547 2493 619 2565 127,
640 2485 703 2573 26).
751 2491 896 2569 Sequitur
917 2494 953 2551 ut
975 2492 1105 2553 vocabu·

94 2581 172 2653 lum,
205 2580 285 2658 quod
322 2598 391 2638 cum
423 2579 483 2639 alio
515 2597 671 2640 commune
704 2599 768 2640 esse
799 2581 918 2659 nequit,
951 2598 966 2640 e
997 2581 1108 2642 habeat

95 2662 162 2750 (Oh.
184 2672 256 2748 121,
278 2672 332 2746 17,
358 2670 430 2747 124,
452 2671 505 2728 20:
529 2672 659 2744 coniage,
683 2670 764 2747 quod
786 2669 840 2729 alii
862 2669 907 2729 rei
929 2671 989 2729 non
1011 2670 1108 2746 possit

97 2777 161 2817 esse
185 2777 351 2836 commune,
375 2759 486 2818 ideirco
509 2777 564 2834 per
586 2776 601 2818 e
624 2754 766 2840 sonabit).

165 2847 200 2905 In
224 2847 417 2924 parisyllabis
439 2850 525 2907 11111
544 2866 557 2906 e
579 2848 683 2908 littera
705 2848 811 2908 finitur
833 2847 994 2908 ablativus.
1028 2848 1110 2908 Non·

96 2954 252 3012 nunquam
275 2936 461 2996 consuetudo
484 2937 645 2997 intercedit
668 2927 736 3018 (Oh.
757 2928 915 3018 139,17).
947 2937 1013 2995 lam
1036 2955 1108 2997 vero

97 3022 251 3082 subtiliter
287 3024 449 3102 distinguit
480 3025 597 3084 Plinius
634 3026 714 3086 inter
744 3026 844 3087 varios
878 3025 931 3102 qui
967 3024 1110 3086 eveniunt

97 3130 196 3172 casus:
227 3131 336 3172 nornen
358 3117 460 3190 potest
482 3133 546 3173 esse
569 3114 649 3173 idem
672 3134 781 3174 nomen
803 3115 973 3191 proprium,
996 3113 1045 3173 vel
1072 3112 1109 3171 de

96 3220 226 3278 persona
250 3205 333 3260 certa
360 3205 462 3278 potest
485 3203 556 3281 dici,
580 3205 629 3264 111
653 3197 700 3262 ‘in
726 3203 851 3263 animali
874 3195 1109 3279 significatione'

96 3283 164 3372 (oh.
187 3294 260 3369 120,
281 3285 351 3368 30),
379 3295 446 3350 tum
473 3285 526 3351 ‘de
553 3286 602 3351 re'
631 3292 694 3352 sive
718 3287 841 3370 ‘aptum
868 3290 983 3349 homini
1005 3291 1037 3347 11
1059 3309 1109 3349 ne-

97 3374 198 3457 gotio'
227 3372 408 3461 (124,18),
436 3383 503 3439 tum
530 3381 566 3440 de
593 3400 721 3458 persona
748 3382 852 3459 aliqua
874 3381 963 3456 plane
986 3378 1110 3457 incerta,

97 3488 121 3527 e.
142 3489 183 3547 g:
212 3468 264 3530 Oh.
286 3471 358 3546 120,
378 3471 419 3528 26
449 3471 547 3544 agilis,
571 3471 608 3529 ab
641 3471 697 3530 hoc
729 3471 818 3548 agile.
864 3469 890 3528 si
918 3467 954 3526 de
981 3486 1110 3543 persona

97 3557 228 3637 dicatur,
255 3559 300 3618 ita
328 3558 388 3618 dioi
415 3557 516 3619 debet:
545 3558 626 3636 quod
653 3558 679 3618 si
706 3578 769 3619 rem
797 3557 961 3637 significat,
987 3557 1025 3616 ab
1053 3557 1109 3617 hoc
