2476 3914
503 178 544 233 De
563 177 744 234 derivatione.
1084 178 1126 242 39

115 331 199 408 nius,
232 331 268 389 ut
300 328 482 390 elocutiones
516 350 550 389 ex
578 329 727 389 similibus
754 330 930 406 formemus3
962 348 1032 388 nam
1061 347 1127 388 ecoe

115 420 241 480 comedo
263 418 350 477 illam
370 436 435 476 rem
458 419 593 495 dicimus,
619 437 673 477 nec
696 420 797 477 tamen
820 436 924 477 vescor
946 418 1032 476 illam
1055 437 1127 479 rem.

116 513 148 568 et
171 508 237 585 ipse
260 507 340 565 enim
363 507 437 566 dicit
454 526 514 567 non
533 525 628 584 usque
648 526 767 584 quaque
785 507 841 566 hoc
860 524 923 566 esse
947 507 1127 566 faciendum.

184 596 276 655 Prisc.
297 597 370 673 513,
390 598 408 655 7
433 596 589 656 nanciscor
611 596 703 655 etiam
721 598 845 655 nactum
867 595 942 654 facit
965 595 1079 672 absque
1098 615 1128 674 rr,

115 689 153 746 nt
176 685 283 762 Pnobo,
307 697 337 744 et
360 682 456 761 Capro
481 688 511 744 et
534 685 664 744 Pollioni
688 687 719 744 et
742 684 840 744 Plinio
862 685 970 762 placet.
1156 698 1169 740 5

183 773 220 834 K.
239 774 267 832 V
287 775 360 852 227,
380 762 421 833 93
441 768 558 853 (Pomp.
574 765 693 856 eornm.)
719 773 795 833 Vide
816 773 1019 833 definitionem
1037 773 1129 831 Plinii

116 863 261 940 Secundi,
288 881 379 939 quern
401 863 439 921 ad
461 863 584 922 modum
611 862 748 923 definivit
770 863 903 940 fortiter,
931 865 962 921 et
985 861 1128 939 definivit,

117 952 257 1029 quidest
279 952 421 1029 activum,
445 951 518 1028 quid
540 951 702 1028 passivum.
741 953 772 1010 et
795 952 821 1010 si
843 971 912 1011 vere
937 969 1063 1029 quaeras
1083 969 1128 1010 se·

116 1041 248 1100 eundum
272 1041 433 1117 rationem,
460 1041 517 1099 hoc
545 1043 590 1100 est
616 1042 697 1117 quod
720 1040 797 1099 dixit
819 1041 935 1099 Plinius
960 1040 1127 1099 Secundus:

117 1129 193 1189 dicit
211 1124 356 1191 ‘activum
374 1132 405 1190 et
420 1129 500 1206 quod
519 1129 578 1189 alio
597 1129 804 1206 patiente'nos
823 1130 958 1208 facimus,
972 1130 1128 1206 passivum
1142 1145 1167 1185 ιο

117 1221 166 1278 est
190 1219 270 1297 quod
293 1219 352 1278 alic
376 1219 506 1278 faciente
529 1236 583 1278 nos
605 1212 759 1294 patimur'.

411 1428 478 1503 Vll.
515 1432 562 1502 lle
591 1426 834 1502 derivatione*

183 1572 219 1632 Κ.
239 1572 267 1629 V
288 1576 358 1650 164,
380 1575 419 1632 13
454 1567 593 1651 (Pompei
611 1562 827 1652 commentum)
857 1571 912 1629 Ait
934 1571 1050 1630 Plinius
1075 1572 1126 1631 Se·

115 1662 246 1740 candus,
274 1660 597 1738 secutusVarronem,
622 1662 741 1738 quando
765 1661 938 1721 dubitamus
961 1661 1126 1738 principale

115 1768 221 1829 genus,
239 1751 395 1810 redeamus
415 1751 454 1810 ad
472 1751 702 1810 diminutionem
721 1753 752 1810 et
770 1770 805 1810 err
824 1749 1003 1811 diminutivo
1019 1770 1126 1829 cogno-
1142 1765 1167 1806 15

115 1840 229 1899 scimus
251 1839 417 1917 principale
441 1858 535 1918 genus
559 1832 610 1920 (cf.
634 1843 736 1899 tamen
760 1832 967 1919 0h.105,8).

183 1928 219 1987 K.
238 1928 267 1985 V
287 1930 393 2006 144,9
418 1920 551 2010 (Scimus
575 1930 654 1988 enim
678 1932 732 1988 aut
754 1929 875 1989 intentu
898 1929 1049 2005 loquentis
1073 1933 1127 1988 aut

114 2036 172 2094 per
190 2018 418 2094 usurpationem
437 2017 503 2076 fieri
522 2018 697 2078 derivativa.
725 2038 785 2077 non
803 2036 926 2094 possum
944 2017 1001 2075 tibi
1020 2016 1126 2094 dicere,

116 2106 317 2167 derivativum
337 2106 382 2166 ita
401 2107 471 2184 exit,
494 2125 579 2166 mons
598 2108 768 2183 montanus,
786 2107 854 2165 fons
872 2105 1023 2180 fontanus,
1042 2107 1078 2162 ut
1096 2106 1127 2163 in

49 2194 51 2199 ’
114 2213 174 2255 nus
192 2198 290 2272 exeat3
309 2215 368 2255 non
386 2213 509 2272 possum
527 2195 584 2254 tibi
597 2195 672 2253 istas
686 2195 808 2269 regulas
823 2194 929 2252 dicere.
957 2192 1127 2252 invenimus
1141 2209 1168 2248 so

114 2284 197 2344 enim
228 2284 328 2344 varias
360 2284 574 2344 declinationes
606 2284 673 2342 fons
705 2283 820 2341 fontius
852 2282 1007 2357 fontannS,
1042 2300 1127 2340 mons

113 2373 250 2433 montius
273 2376 443 2432 montanus.
480 2391 551 2450 ergo
578 2372 662 2433 vides
686 2371 828 2447 quoniam
850 2369 933 2430 varie
957 2370 1126 2430 invenimus

115 2464 149 2521 et
175 2462 289 2522 fontius
317 2464 348 2521 et
374 2464 516 2522 fontanus
541 2464 572 2520 et
598 2460 731 2519 montius
755 2463 786 2518 st
809 2461 978 2519 montanus.
1016 2458 1126 2519 idcirco

114 2551 148 2609 in
171 2550 407 2610 derivationibus
436 2570 560 2627 sequere
587 2553 749 2627 praecepta
776 2548 869 2607 Plinii
892 2539 1045 2630 Secundi).
1083 2549 1127 2607 ait

114 2639 198 2698 enirn
216 2633 318 2699 ‘debes
337 2641 457 2717 quidem
477 2640 667 2717 adquiescere
687 2638 809 2717 regulis,
834 2638 886 2698 sed
903 2637 936 2695 in
951 2637 1126 2699 derivativis
1140 2651 1167 2693 ss

24 2789 29 2797 ,
114 2746 242 2805 sequere
266 2722 500 2788 auctoritatem'.
536 2728 605 2788 vide
628 2747 665 2786 ne
688 2728 764 2788 velis
788 2727 873 2786 aliud
895 2726 1007 2804 dicere,
1036 2746 1128 2803 quam

114 2817 228 2895 legisti.
269 2817 349 2875 Alba
372 2818 491 2878 civitas:
520 2817 573 2876 alii
596 2817 701 2875 dicunt
724 2816 873 2893 Albanus²
901 2815 955 2874 alii
977 2815 1126 2876 Albensis.

115 2924 195 2983 quae
213 2906 291 2965 ratio
311 2904 376 2965 est?
399 2906 547 2983 numquid
563 2923 723 2982 possumus
742 2905 826 2981 scire,
850 2923 943 2980 quare
963 2904 1006 2962 sic
1026 2901 1124 2981 [quid]

113 2995 277 3055 invenitur.
319 2993 429 3054 Caesar
452 2995 572 3073 quidem
595 2994 626 3052 in
653 2994 738 3053 libris
762 2993 918 3069 analogiae
942 2986 1032 3053 ‘duae
1057 2997 1127 3052 sunt

114 3082 227 3161 Albae,
251 3084 311 3142 alia
334 3085 394 3143 ista
417 3105 509 3161 quam
530 3084 669 3145 novimus
692 3084 724 3141 in
747 3083 862 3159 liricia⁷
887 3085 917 3140 et
940 3083 1001 3140 alia
1023 3082 1072 3141 hic
1095 3083 1126 3139 in
1141 3097 1167 3135 eo

113 3171 215 3233 Italia.
247 3173 382 3232 volentes
402 3173 531 3233 Romani
545 3173 754 3232 discretionem
772 3172 879 3248 facere,
898 3170 972 3229 istos
993 3170 1126 3228 Albanos

188 3402 206 3449 4
224 3395 308 3451 Prisc.
324 3401 383 3465 513,
400 3396 427 3467 7]
447 3396 481 3450 cf.
496 3395 529 3450 K.
544 3395 596 3448 VII
610 3399 652 3464 95,
669 3399 710 3462 19,
731 3392 914 3459 Quaestiones
932 3405 1023 3445 nevae
1041 3407 1068 3459 p.
1084 3394 1126 3447 37.

115 3499 150 3509 -
171 3474 186 3522 6
205 3467 239 3523 Κ.
254 3467 279 3522 V
293 3473 353 3536 227,
369 3469 414 3535 23]
433 3465 532 3520 Naum.
546 3483 574 3535 p.
590 3472 631 3520 52.
659 3464 767 3518 Plinius
786 3461 937 3533 distinguit
955 3461 1025 3514 duas
1041 3461 1126 3530 signi-

115 3538 262 3593 ficationes
280 3539 427 3593 verborum
447 3540 571 3608 (genera)
591 3535 714 3591 activum
734 3537 763 3590 et
780 3535 925 3605 passivum
944 3533 990 3603 (cf.
1006 3532 1090 3603 adn.).
