2476 3914
95 185 147 238 XII
378 152 628 237 Commentariolus
646 179 814 248 isagogicus.

96 326 176 381 tiana
199 341 271 379 saec.
289 323 329 378 XI
353 323 473 394 scriptus
496 338 666 390 numeroque
685 322 720 376 LI
740 327 774 377 10
792 323 951 395 insignitus.
988 327 1030 380 Ex
1049 346 1103 396 quo

96 407 261 474 archetypo,
290 421 352 458 cum
379 404 489 473 integer
514 403 587 471 erat,
616 402 750 472 descripti
773 407 839 459 sunt
859 405 962 474 reliqui
985 408 1103 463 codices.

94 487 221 553 Apparet
229 485 384 540 Varronem
399 500 416 539 a
429 499 544 538 numero
553 482 674 553 vulgari,
689 499 772 550 quem
782 485 986 540 constituerant
995 486 1102 558 Graeci,

95 565 158 617 octo
177 563 301 632 partium
319 561 454 618 orationis
473 561 638 630 decessisse;
662 563 787 618 habebat
806 565 893 621 enim:
920 584 1029 636 marea,
1046 587 1103 625 oer-

96 646 172 711 bam,
194 645 366 710 adverbium,
385 643 574 712 partiripiam.
611 643 717 698 Nomou
743 643 845 699 dividit
868 646 898 699 in
915 649 1104 716 provocabula

95 723 177 794 (quis,
197 739 269 791 quae
288 750 322 769 =
341 721 452 791 ἀρθρόν
471 722 637 790 ἀορισιῶδες
655 722 846 794 Graecorum),
870 728 1008 781 vocabula
1033 731 1104 799 (scu-

95 805 169 873 tum,
197 803 334 872 gladius),
361 800 477 855 nomina
504 801 662 872 (Romulus,
690 803 818 874 Remus),
846 808 1012 874 pronomina
1039 810 1103 879 (hic,

95 883 166 938 haec
185 909 219 930 =
239 881 349 953 dpdpbv
368 877 541 951 ὡρισμένον).
578 882 725 937 Vocabula
743 885 772 937 et
794 884 909 938 nomina
932 887 1019 941 etiam
1041 892 1104 944 ‘no-

95 964 234 1018 minatus’
256 962 443 1032 appellantur,
462 961 652 1031 provocabula
667 965 696 1017 et
709 963 874 1032 pronomina
893 966 1036 1020 ‘articuli'
1058 971 1104 1036 (de

95 1044 113 1099 1.
132 1044 150 1098 l.
165 1043 231 1096 VIII
248 1046 303 1108 45).
339 1042 416 1096 Inter
433 1041 612 1095 substantiva
635 1045 663 1096 et
686 1041 827 1097 adiectiva
848 1045 927 1098 nulla
950 1046 1102 1104 distinctio.

94 1125 127 1177 In
162 1121 322 1176 nominibus
360 1121 535 1177 observanda
573 1123 649 1176 sunt:
687 1138 768 1176 sexus
805 1123 917 1194 (virilis,
950 1125 1104 1196 muliebris,

94 1203 212 1272 neuter),
235 1201 401 1270 multitudo,
420 1217 501 1255 casus
524 1203 640 1271 (rectus,
664 1201 780 1270 obliqui,
803 1204 957 1259 communis
976 1233 1009 1252 =
1028 1209 1103 1275 pari-

95 1281 258 1351 syllabicus)
277 1282 323 1351 (de
341 1281 360 1337 l.
379 1281 398 1336 l.
412 1281 478 1335 VIII
496 1285 550 1351 46).
586 1280 788 1336 Nominatuum
811 1286 945 1351 quattuor
969 1289 1034 1340 sunt
1056 1289 1103 1342 de-

95 1361 262 1418 clinationes
281 1361 358 1433 (VIII
372 1364 430 1432 52):
450 1380 537 1416 unum
555 1364 719 1417 mmiucadi
737 1365 783 1433 (1),
802 1367 835 1418 ut
853 1365 889 1419 ab
908 1383 979 1435 equo
993 1367 1103 1438 Equile,

95 1441 215 1496 altemm
234 1443 343 1498 omacio
362 1444 412 1513 (2),
432 1444 465 1496 ut
487 1441 524 1496 ab
548 1458 620 1510 equo
638 1442 762 1512 Equum,
780 1445 895 1500 tertium
919 1450 1039 1518 sapaudi
1058 1451 1067 1517 (
1086 1452 1104 1518 ),

94 1525 127 1576 ut
155 1523 191 1576 ab
220 1522 285 1577 albo
309 1522 415 1592 albius,
438 1524 571 1592 quartum
593 1524 736 1579 micaeadi
758 1527 809 1595 (4),
832 1529 865 1580 ut
892 1526 964 1580 cista
987 1527 1103 1584 Oistula.

94 1603 237 1657 Habemus
256 1603 286 1656 in
308 1603 401 1673 prime
423 1602 508 1657 classi
530 1605 628 1657 nostra
652 1604 892 1659 ‘denominativa’
918 1606 1003 1674 idque
1027 1613 1049 1661 1.
1071 1625 1104 1662 ca

95 1699 167 1751 quae
186 1699 203 1735 a
221 1682 359 1736 vocabulo
379 1681 555 1737 derivantur:
580 1683 656 1750 quod
674 1686 703 1738 et
721 1700 738 1737 a
760 1685 896 1739 vocabulo
917 1686 1017 1754 oritur,
1036 1690 1068 1741 ut
1087 1708 1104 1741 a

93 1763 227 1815 venatore
253 1762 421 1815 venabulum
446 1762 523 1831 (VIII
541 1765 595 1829 53),
614 1767 639 1815 2.
660 1762 820 1833 ‘gentilia',
845 1781 862 1817 a
884 1765 1008 1835 nomine,
1032 1770 1064 1820 ut
1088 1786 1105 1821 a

94 1841 197 1895 Tibure
215 1841 329 1910 Tiburs,
348 1843 496 1911 praeterea
515 1847 538 1896 3.
560 1839 727 1910 ‘verbalia',
747 1859 765 1895 a
778 1843 871 1912 verbo,
887 1846 919 1897 ut
937 1860 954 1897 a
969 1847 1104 1899 currendo

95 1922 202 1977 Cursor.
239 1921 357 1976 Accedit
383 1919 449 1975 huic
477 1921 561 1975 classi
588 1920 782 1991 perticipium,
804 1923 921 1976 verbum
944 1924 1103 1993 frequenta-

93 2002 183 2056 tivum
201 2003 230 2056 et
249 2000 412 2070 composita.

168 2081 300 2150 Sequitur
317 2082 577 2152 ponderosissimi)
595 2079 615 2134 i.
631 2098 653 2137 e.
668 2083 765 2137 nostra
780 2082 940 2152 declinatio,
956 2083 1005 2137 sed
1014 2083 1104 2138 Varro

94 2164 148 2218 hoc
165 2161 303 2218 vocabulo
323 2161 410 2216 etiam
428 2161 518 2216 utitur
532 2162 566 2215 de
582 2160 780 2231 coniugatione
795 2163 870 2233 (VIH
886 2169 909 2231 7,
925 2166 959 2233 9).
983 2163 1104 2218 Nomina

95 2261 210 2298 casuum
228 2243 303 2313 apud
317 2243 471 2297 Varronem
490 2244 556 2296 sunt
575 2247 599 2298 1.
614 2259 695 2296 casus
713 2246 815 2314 rectus,
829 2243 1002 2314 nominandi,
1017 2245 1105 2299 nomi-

95 2323 221 2394 nativus,
241 2329 266 2379 2.
285 2339 367 2376 casus
385 2321 525 2392 patrious,
545 2327 569 2377 3.
589 2339 671 2377 casus
690 2321 789 2392 dandi,
808 2327 833 2376 4.
852 2338 934 2376 casus
953 2325 1104 2378 accusandi

94 2403 150 2472 (vel
178 2397 355 2457 accusativus
380 2403 446 2456 VIII
465 2406 524 2471 67),
549 2419 630 2456 casus
655 2401 788 2470 vocandi,
813 2417 894 2455 casus
923 2405 1017 2456 sextus
1047 2404 1105 2458 sive

93 2482 209 2538 latinus.
246 2482 279 2536 In
295 2482 408 2537 nomine
428 2481 591 2537 accusativo
610 2481 656 2536 vel
679 2497 746 2535 casu
769 2480 921 2534 accusandi
944 2480 1104 2536 adhibendo

96 2564 200 2618 erravit
222 2563 324 2633 Varro,
353 2562 401 2631 qui
424 2561 567 2632 propriam
593 2559 828 2630 significationem
850 2558 1017 2614 Graecorum
1041 2578 1106 2615 con-

92 2642 177 2697 torsit
190 2641 235 2714 (cf.
252 2641 347 2713 UhIig,
366 2641 480 2709 Dionys.
490 2640 584 2693 Thrax
598 2641 636 2694 ad
649 2659 677 2710 p.
687 2646 731 2709 32,
741 2644 777 2707 1).
804 2638 1002 2693 Desideramus
1016 2639 1105 2709 igilur

93 2739 209 2777 casuum
235 2722 351 2777 nomina
378 2721 540 2792 genetivum
568 2722 597 2774 et
626 2719 791 2774 ablativum.
827 2717 959 2789 Nigidius
988 2718 1104 2788 Figulus

94 2803 257 2872 genetivum
277 2805 389 2857 ‘casum
408 2800 616 2870 interrogandi’
638 2799 810 2870 appellabat.
848 2799 912 2854 Non
934 2798 1025 2853 minus
1049 2803 1105 2854 usi-

95 2884 187 2937 tatum
211 2885 272 2937 erat
299 2899 396 2937 casum
422 2881 548 2936 indicare
575 2879 799 2951 pronominibus:
827 2880 880 2933 hoc
907 2878 998 2949 mille,
1021 2880 1105 2936 huius

94 2962 181 3031 mille,
195 2965 248 3018 cet.
271 2963 386 3016 Frustra
401 2961 562 3029 quaerimus
577 2962 653 3031 apud
668 2976 732 3014 eum
745 2958 965 3014 declinationum
979 2961 1104 3031 ordines;

93 3043 239 3095 attamen
255 3057 312 3095 non
329 3040 451 3094 multum
473 3040 573 3096 aberat
596 3058 613 3094 a
636 3041 774 3096 divisione
798 3040 920 3108 quodam
942 3058 1000 3095 non
1022 3043 1106 3111 plane

94 3120 275 3190 despicienda
303 3121 339 3190 (X
357 3124 415 3189 62):
448 3119 497 3174 Sin
525 3122 561 3175 ab
590 3120 727 3191 singulari
755 3120 817 3188 quis
845 3120 939 3189 potius
967 3121 1105 3191 proficisci

88 3198 179 3272 volet,
199 3200 311 3255 initium
329 3200 423 3255 facere
441 3200 584 3270 oportebit
604 3202 640 3255 ab
659 3203 737 3256 sexto
760 3217 828 3254 casu
848 3200 896 3268 qui
915 3203 959 3255 est
976 3199 1104 3268 proprius

93 3282 212 3351 latinus3
231 3297 297 3335 nam
316 3280 375 3334 eius
396 3296 477 3334 casus
495 3280 656 3336 litterarum
677 3280 886 3335 discriminibus
909 3279 1020 3334 facilius
1039 3278 1103 3332 reli-

94 3379 213 3430 quorum
235 3360 403 3417 varietatem
423 3359 580 3415 discerncre
598 3360 715 3431 poterit,
740 3362 815 3429 quod
838 3362 865 3415 ei
887 3361 994 3414 habent
1012 3357 1103 3412 exitus

93 3444 144 3495 aut
161 3441 191 3495 in
208 3442 233 3495 Α
252 3444 284 3496 ut
301 3441 355 3494 hac
373 3440 474 3508 Terra,
494 3443 544 3495 aut
561 3441 632 3495 inE
656 3444 688 3496 ut
710 3442 764 3496 hac
782 3442 888 3509 Lance,
912 3437 1014 3493 autin
1037 3438 1049 3490 I
1072 3440 1105 3492 ιι)

92 3521 147 3575 hoc
165 3521 240 3592 Levi,
260 3524 311 3576 cut
328 3522 357 3576 in
377 3520 399 3576 0
417 3524 451 3576 ut
468 3521 522 3576 hoc
541 3521 634 3592 Caelo,
654 3523 704 3576 aut
721 3520 752 3575 in
769 3521 795 3576 U
812 3524 845 3576 ut
863 3520 917 3574 hoc
934 3519 1032 3574 Versu.
