2476 3914
133 167 176 230 46
244 165 285 221 De
304 164 507 236 orthographia
526 162 584 217 sive
603 163 638 217 de
657 162 750 216 dubiis
768 161 912 216 nominum
929 160 1036 217 formis.

133 318 247 393 firmat,
269 336 329 377 non
352 334 470 376 camera
492 334 547 392 per
569 332 591 372 e.
624 314 676 374 sed
698 313 858 372 Lucretius
882 329 1068 385 ecmerceque
1095 330 1142 373 ca·

133 410 221 466 micis
257 408 438 467 exterritibac
474 404 598 464 dicendo
641 403 733 462 etiam
774 420 923 461 cameram
960 401 1018 460 dici
1055 421 1142 476 posse

133 495 274 556 ostendit.

201 583 252 644 Oh.
273 587 383 662 73,17
408 582 603 642 Pulchrum
624 580 721 639 Varro
745 579 892 655 adspirari
915 578 1023 638 debere
1042 582 1143 657 negat,

107 693 120 733 a
134 693 170 732 ne
190 673 307 733 duabus
321 671 554 733 consonantibus
567 670 667 732 media
685 669 851 728 intercedat
865 667 1043 744 adspirati03
1063 669 1144 746 quod

132 763 254 821 minime
281 772 399 821 rectum
426 759 560 836 antiquis
588 758 754 819 videbatur.
805 757 884 816 unde
913 759 943 815 et
971 759 1145 834 sepulcrum

133 852 282 928 hodieque
306 852 421 926 manet,
450 849 531 926 quod
554 849 593 907 sit
617 866 752 906 seorsum
774 865 792 905 a
820 847 925 923 pulcro
948 849 1073 923 propter
1096 866 1144 906 re-

134 940 337 1000 cordationem
360 938 479 998 doloris.

200 1027 251 1086 cb
272 1029 362 1103 75,4
396 1026 540 1101 Servus,
573 1043 713 1102 cervus,
746 1025 881 1102 vulgus
913 1043 931 1082 a
961 1023 1144 1102 quibusdam

93 1137 119 1177 ro
132 1136 187 1194 per
204 1135 225 1175 a
243 1119 273 1176 et
291 1134 316 1194 0,
339 1115 481 1177 videlicet
499 1114 571 1190 quia
590 1114 667 1172 duae
687 1114 805 1174 vocales
824 1113 979 1191 geminari,
997 1115 1033 1172 ut
1050 1133 1145 1172 unam

133 1205 282 1283 syllabam
304 1205 426 1276 faciant,
449 1223 509 1262 non
531 1206 665 1278 possunt.
703 1202 755 1262 sed
777 1221 831 1278 per
853 1202 913 1262 duo
936 1222 957 1260 a
980 1202 1070 1262 scribi
1094 1203 1144 1261 de·

132 1294 217 1372 bont,
247 1294 318 1371 quia
345 1297 377 1352 et
404 1293 446 1352 sic
474 1295 582 1352 sonant
609 1295 640 1350 et
668 1291 851 1369 ambiguitas
875 1310 999 1350 casuum
1021 1291 1144 1351 tollitur

133 1387 163 1443 et
185 1402 280 1442 unum
302 1403 323 1442 u
345 1383 411 1443 loco
434 1381 626 1442 consonantis
649 1380 797 1456 accipitur
820 1372 1009 1461 (Quintia,
1028 1371 1093 1461 11).

199 1471 251 1532 Oh.
272 1473 323 1549 75,
343 1475 361 1532 8
381 1471 562 1530 Assiduus
581 1469 705 1547 quidam
722 1489 775 1546 per
794 1472 814 1529 d
832 1469 974 1545 scribunt,
997 1469 1085 1547 quasi
1105 1468 1145 1529 sit

94 1580 152 1620 roa
171 1562 299 1621 sedendo
316 1561 490 1638 figuratum,
509 1559 561 1619 sed
581 1561 690 1618 errant.
713 1578 784 1618 nam
803 1577 871 1617 cum
889 1576 907 1616 a
922 1557 1025 1618 Servio
1041 1558 1143 1618 Tullio

132 1651 263 1727 populus
296 1650 328 1707 in
361 1650 494 1726 quinque
527 1649 637 1707 classes
665 1650 744 1707 esset
774 1647 900 1723 divisus
930 1649 966 1705 ut
992 1647 1144 1706 tributum

133 1741 224 1814 prout
248 1739 375 1815 quisque
398 1738 566 1814 possideret
589 1737 724 1812 inferret,
753 1735 885 1811 ditiores
909 1736 962 1812 qui
985 1753 1067 1795 asses
1090 1736 1144 1794 da-

18 1833 20 1837 ’
132 1827 219 1901 bant,
252 1826 366 1885 assidui
398 1826 472 1884 dicti
504 1826 582 1883 sunt.
630 1827 661 1884 et
692 1825 836 1901 quoniam
867 1825 925 1884 soli
951 1824 983 1882 in
1012 1825 1144 1903 negotiis

133 1915 263 1992 puplicis
296 1916 467 1991 frequentes
500 1913 638 1990 aderant,
671 1932 720 1973 ecs
749 1914 801 1990 qui
833 1914 1005 1990 frequentes
1032 1913 1145 1973 adsunt

93 2024 119 2064 ao
134 2004 270 2064 assiduos
293 2004 331 2062 ab
354 2002 471 2062 assibus
495 2003 634 2063 dixerint.

201 2092 252 2153 Ob
273 2096 290 2152 7
295 2095 324 2170 5,
345 2095 384 2152 13
410 2092 480 2151 Tus
504 2111 522 2151 a
544 2091 698 2151 tundendo
718 2093 781 2150 sine
801 2091 1003 2168 adspiratione
1023 2091 1143 2168 dicitur,

134 2183 270 2258 quamvis
300 2181 395 2240 Iulius
423 2182 576 2242 Modestus
608 2178 665 2241 ἀπὸ
697 2189 749 2242 τοῦ
777 2181 866 2240 θύειν
898 2183 1030 2240 tractum
1062 2181 1144 2240 dicat

135 2265 250 2352 (Quint.
269 2270 285 2328 Ι
303 2273 334 2348 4,
353 2274 409 2329 21:
432 2262 566 2349 tractio).

200 2358 251 2418 Oh.
273 2363 326 2434 75,
347 2362 386 2419 16
411 2360 643 2436 Podagrosus
663 2377 681 2417 a
699 2359 834 2436 podagra
853 2358 927 2417 bene
946 2357 1065 2435 dicitur,
1089 2358 1143 2417 sed

93 2468 118 2508 25
133 2452 164 2506 et
186 2448 366 2526 podagricus
386 2467 404 2508 a
421 2449 533 2526 pedum
552 2448 748 2525 aegritudine,
772 2448 857 2506 cuius
876 2447 1045 2523 exemplum
1063 2447 1146 2523 apud

133 2537 294 2595 Laberium
318 2537 417 2595 estin
440 2537 527 2614 aquis
552 2583 557 2594 .
578 2582 584 2594 .
609 2584 614 2594 .
639 2526 690 2616 (cf.
709 2536 744 2595 K.
764 2536 808 2594 IV
828 2527 916 2614 212).

199 2624 349 2699 0h.103‚
372 2627 410 2684 15
439 2624 622 2684 Cassidom
645 2624 772 2684 dicimus
794 2643 847 2684 nos
871 2625 908 2682 ab
933 2643 967 2683 eo
992 2625 1074 2701 quod
1098 2628 1145 2684 est

131 2715 204 2772 haec
223 2713 328 2788 cassis3
348 2713 400 2772 sed
413 2713 505 2772 multi
519 2712 665 2771 cassidum
679 2713 791 2789 dicunt,
810 2717 845 2773 ut
858 2713 1035 2789 Propertius
1050 2731 1144 2774 aurea

204 2881 435 2953 epulchrum]
464 2881 499 2936 cf.
523 2881 634 2936 Servius
658 2882 695 2936 ad
718 2899 778 2952 geo.
798 2883 837 2936 ΙΙΙ
856 2888 920 2938 223:
949 2883 1004 2937 tria
1030 2884 1144 2936 tantum

132 2952 278 3008 habebant
300 2953 427 3021 nomina,
446 2952 477 3006 in
499 2952 600 3020 quibus
623 2971 637 3008 c
659 2952 784 3008 litteram
809 2957 971 3022 sequeretur
993 2953 1143 3024 aspiratio:

133 3026 316 3095 sepalcleum,
339 3026 448 3092 erebus,
467 3025 596 3094 palem,
620 3040 634 3078 e
658 3024 759 3092 quibus
779 3027 893 3094 pulcher
920 3027 1032 3080 tantum
1058 3024 1144 3080 hodie

132 3095 234 3165 recipit
253 3094 460 3165 aspirationem.
489 3094 593 3165 Cicero,
611 3095 688 3151 Orat.
708 3101 741 3150 48
761 3102 776 3163 ς
792 3103 851 3166 160,
870 3095 919 3165 qui
936 3097 1032 3167 pulcer
1050 3093 1143 3150 dicere

132 3167 253 3235 mavult,
286 3167 335 3221 sed
367 3185 446 3220 usum
479 3165 613 3235 loquendi
639 3167 744 3237 populo
772 3169 909 3224 coneedit.
945 3167 981 3223 cf.
996 3166 1044 3222 Ch.
1059 3171 1143 3237 ⁸22⁷*

136 3241 256 3295 Graccus
283 3246 308 3294 et
335 3245 410 3293 ortas
432 3240 490 3294 siae
513 3240 700 3308 adspiratione
723 3241 780 3294 dici
802 3241 893 3296 debere
922 3240 1009 3295 Varro
1032 3241 1081 3294 ait.
1106 3270 1140 3279 —

135 3316 169 3363 14
192 3309 367 3382 assiduus]
395 3310 506 3365 Bramb.
530 3329 557 3379 p.
574 3315 637 3379 1453
666 3310 740 3365 male
768 3311 942 3365 deduxerunt
968 3313 1077 3365 veteres
1106 3310 1142 3363 ab

134 3398 196 3436 asse
216 3381 317 3450 dando,
336 3381 410 3434 unde
429 3383 491 3434 orta
505 3383 548 3434 est
562 3380 729 3436 assimilatio
745 3382 815 3437 satis
830 3381 955 3450 antiqua.
971 3413 1003 3422 -
1023 3386 1056 3435 21
1073 3382 1142 3452 tus]

134 3453 209 3507 Serv.
230 3453 267 3506 ad
285 3469 346 3522 geo.
360 3453 371 3505 l
385 3458 431 3506 ὅτι
454 3467 521 3505 sane
540 3458 584 3507 tas
601 3453 685 3507 modo
700 3452 760 3508 sine
774 3453 945 3523 aspiratione
960 3451 1123 3508 dicimus...
1136 3495 1141 3508 .

133 3525 197 3576 tura
217 3523 326 3577 anima
345 3523 488 3578 tundendo
507 3522 583 3577 dicta
602 3539 662 3578 esse
679 3524 835 3598 voluerunt.
