2476 3914
553 181 595 236 De
613 181 707 238 verbo.
1092 181 1133 245 37

123 332 257 392 insertus
289 335 320 391 et
347 333 458 392 insitus
486 333 572 409 fecit3
601 333 631 392 et
658 333 785 391 tradunt
813 333 935 410 quidem
956 332 1065 393 insitus
1089 353 1135 392 er·

122 421 232 482 borum
259 425 290 480 et
316 423 399 498 pomi
426 440 503 496 esse,
534 423 665 481 insertus
693 422 821 481 hominis
849 423 898 482 vel
926 423 1053 482 alicuius
1083 423 1135 482 rei.

124 505 215 590 [377,
235 504 269 590 1]
297 511 388 570 fallor
414 512 510 570 falsus
537 530 605 570 sum
631 511 718 589 fecit,
746 515 782 570 ut
804 510 958 588 Vergilius
985 514 1055 584 falsi
1082 515 1135 571 im·

116 601 211 675 plcoe‘t
240 601 378 674 portitoris
410 618 544 660 amorem.
590 600 741 677 signifieat
770 600 849 658 enim
880 601 934 676 qui
963 600 1135 660 fallebatur.

123 688 236 748 educor
254 689 381 748 eductus
400 707 467 748 sum
485 689 574 762 fucit3
598 689 651 748 sed
669 689 857 766 frequentius
876 688 979 748 Cicero
999 691 1135 750 educatus
1162 707 1175 746 o

126 781 158 836 et
183 779 303 837 educato
326 778 411 855 dicit3
435 777 589 855 Vergilius
614 780 744 837 edoctum
766 780 892 853 Egeriae
916 779 996 838 lucie.
1036 779 1137 838 ordior

125 885 210 925 orsus
234 884 301 925 sum
324 867 398 925 fecit
417 870 530 926 ettam
555 866 750 943 incipientem
768 867 919 945 significet
937 871 978 927 sc'c
996 885 1080 927 orsus
1099 870 1135 926 ab

124 957 196 1028 allo,
223 958 260 1014 ut
281 955 447 1033 VergiliuS‚
476 975 567 1032 quam
592 956 791 1034 desinentem,
819 960 856 1016 ut
882 957 962 1016 idem
984 959 1026 1016 stc
1052 974 1136 1015 orsus

123 1041 230 1117 Apollo
254 1044 258 1114 Ι
282 1046 413 1104 mortalis
444 1048 531 1104 uisos.
583 1044 660 1122 figor
687 1046 827 1123 ambigue
860 1046 1029 1105 declinetur
1055 1045 1136 1121 apud

125 1135 242 1192 veteres
265 1136 400 1209 tempore
423 1134 565 1211 perfecto.
598 1135 766 1211 reperimus
786 1135 865 1194 enim
887 1133 976 1194 fictus
996 1139 1026 1194 et
1044 1133 1134 1193 fixus:
1149 1152 1176 1192 1o

125 1221 256 1280 Scaurus
285 1221 321 1280 de
349 1222 413 1282 vita
445 1241 501 1282 sue
527 1226 640 1297 sagittis
667 1224 767 1301 inquit
795 1226 944 1301 confictos,
972 1224 1068 1283 Varro
1098 1224 1137 1282 ed

126 1308 299 1370 Ciceronem
326 1312 417 1371 tertio
447 1315 552 1389 ficum,
580 1316 611 1371 et
638 1312 740 1372 Cicero
768 1312 1017 1371 Academicorum
1044 1313 1135 1371 tertio

124 1396 259 1458 *malcho
281 1403 313 1459 iu
336 1418 425 1473 opera
448 1403 549 1474 adlice
572 1405 603 1460 et
627 1402 780 1478 Vergilius
808 1405 834 1460 st
860 1402 931 1458 mite·
957 1419 1016 1458 ooo
1039 1404 1136 1459 auimo

123 1491 225 1560 [icum
263 1489 420 1565 comperior
452 1493 482 1549 et
510 1490 649 1566 conperio
678 1490 828 1549 differunt.
874 1508 943 1547 nam
971 1489 1135 1565 conperior,

125 1596 161 1636 ex
188 1595 256 1635 mee
284 1578 424 1654 opinione
452 1579 562 1656 colligo
592 1582 622 1637 et
654 1582 830 1653 conpertum
860 1579 970 1656 habeo,
1002 1598 1057 1654 pro
1086 1593 1176 1640 ein-15

123 1667 244 1742 plorato
268 1667 371 1743 didici3
399 1668 479 1742 quod
502 1668 628 1727 verbum
651 1667 752 1726 deficit
774 1668 805 1726 in
828 1668 932 1727 futuro
956 1670 986 1726 et
1008 1667 1136 1743 impera·

124 1755 202 1814 tivo:
231 1757 370 1833 conperio
400 1761 445 1816 est
472 1757 510 1816 ab
534 1757 593 1816 ulio
618 1776 772 1835 cognosco.
818 1757 948 1817 moditor
971 1760 1002 1816 et
1025 1757 1135 1816 meleto

123 1838 321 1921 <differunt>‚
345 1850 375 1904 et
392 1848 483 1922 putet
501 1847 618 1906 Plinius
636 1847 833 1906 meditantem
853 1865 916 1906 esse
936 1865 1036 1906 secum
1056 1846 1136 1923 cogi·

123 1936 254 2011 tentem,
277 1935 471 1994 meletantem
495 1954 563 1994 oum
585 1955 658 1997 voce
682 1936 853 1996 discentem.
894 1940 964 1995 sunt
988 1935 1137 2012 quaedem

123 2021 215 2083 verbe
242 2041 260 2080 r
285 2023 389 2083 littera
420 2025 583 2084 terminata
613 2044 649 2084 ex
677 2025 795 2085 diversa
821 2025 970 2101 positione
999 2023 1136 2083 derivate
1150 2040 1176 2080 so

124 2130 203 2188 queo
225 2111 331 2170 eadem
358 2113 526 2172 sortiuntur
548 2114 694 2190 perfecta,
717 2117 753 2172 ut
775 2114 891 2189 pendor
913 2112 1066 2188 panderis3
1090 2130 1136 2169 ex-

124 2199 229 2277 igebat
256 2200 397 2278 analogia
424 2205 460 2261 ut
486 2221 597 2278 pensus
622 2202 768 2279 dicamus,
797 2202 849 2259 sed
870 2219 976 2277 pessus
1000 2201 1136 2274 dicimus,

123 2291 159 2347 ut
186 2288 342 2366 Vergilius
370 2293 498 2350 crinibus
524 2292 634 2350 Iliode's
654 2293 768 2363 posses:
796 2291 870 2348 item
896 2290 997 2367 patior
1022 2289 1136 2365 pateris

122 2395 231 2455 passus
254 2396 334 2436 sum:
361 2383 463 2439 vertor
490 2379 615 2439 verteris
638 2397 742 2438 versus
767 2398 845 2456 sum,
873 2382 910 2438 ut
931 2396 1070 2451 versoque
1090 2381 1136 2437 tce·

123 2485 244 2526 coneum
264 2467 268 2539 Ι
290 2472 370 2541 cerea
387 2471 547 2543 fottpomcs
564 2469 662 2528 tosto:
680 2468 755 2526 item
768 2488 872 2529 verror
889 2468 1017 2528 verreris
1032 2485 1135 2526 versus
1149 2482 1176 2523 ns

126 2573 202 2634 eum,
225 2556 379 2633 Vergilius
404 2563 429 2616 et
446 2576 531 2618 cerea
543 2559 644 2631 puluis
661 2560 829 2617 inscribitur
847 2559 939 2617 hosta.
962 2557 1070 2615 melius
1090 2558 1136 2615 est

196 2750 229 2800 17
248 2744 415 2813 Diomtffl,
431 2750 464 2797 18
482 2746 597 2800 meditor
614 2751 640 2800 et
657 2747 750 2800 meleto
769 2746 803 2800 cf.
822 2745 927 2800 Anecd.
945 2744 1026 2799 Helv.
1040 2762 1068 2812 p.
1083 2748 1135 2796 289

124 2820 197 2874 iuter
224 2818 388 2872 meditamur
415 2822 441 2872 ct
464 2819 620 2872 melitomur
646 2818 696 2871 hoc
723 2819 847 2885 interest,
874 2818 946 2886 guod
972 2816 1136 2870 meditamur

123 2892 232 2958 auimo,
254 2888 410 2944 meditemur
432 2904 550 2958 corpore.
588 2886 708 2941 Videtur
730 2890 827 2942 tamen
849 2887 948 2941 eudem
971 2903 1032 2941 esse
1056 2885 1135 2939 diffe-

122 2959 224 3016 rentia.
256 2961 295 3014 At
314 2959 389 3027 quod
408 2959 438 3012 in
457 2960 564 3028 sylloge
583 2958 633 3011 ille
653 2958 873 3013 differentiarum
890 2958 1069 3012 tolerandum
1083 2959 1135 3023 est,

123 3047 284 3100 nonaeque
299 3034 343 3085 est
356 3029 386 3085 in
399 3030 499 3085 Plinio.
526 3029 658 3098 Sequitur
672 3032 767 3084 eutem
781 3029 882 3099 (Diom.
898 3034 949 3084 378
965 3033 1060 3097 supra)
1078 3027 1135 3081 eliu

123 3102 284 3158 differentia
292 3120 350 3157 non
363 3101 455 3156 minus
469 3101 565 3156 ieiuna
578 3101 652 3155 inter
661 3101 786 3156 luxurior
798 3104 827 3155 et
840 3100 959 3169 luxurio,
973 3097 1134 3154 testimonio

124 3175 153 3231 0.
163 3173 258 3229 Severi
266 3173 417 3229 illustrate.
437 3174 537 3240 ltaque
552 3171 680 3226 omnibus
695 3171 839 3241 perpensis
854 3171 941 3226 ethis
956 3173 985 3224 et
998 3170 1042 3238 iis,
1062 3183 1134 3236 quae

123 3247 280 3316 sequuntur
301 3245 452 3314 legendum
475 3261 536 3298 esse
560 3243 701 3298 existimo:
727 3245 841 3299 creditor
863 3250 889 3298 ct
906 3244 1004 3297 medico
1024 3239 1133 3309 (Neum.

123 3336 150 3387 p.
167 3324 201 3372 53
220 3334 309 3386 comp.
325 3316 400 3371 Serv.
416 3316 453 3368 od
466 3316 549 3384 Verg.
565 3315 615 3370 ecl.
629 3315 642 3366 l
656 3320 691 3383 2).

195 3477 285 3534 Diem.
311 3479 453 3530 378-88.
485 3476 518 3528 In
549 3474 593 3529 his
626 3475 708 3544 plura
742 3490 815 3542 esee,
846 3488 918 3541 quae
950 3470 1010 3524 iure
1042 3467 1134 3523 Plinio

125 3548 276 3619 attribues,
295 3547 392 3616 colligi
410 3548 506 3617 potest
524 3562 557 3599 ex
576 3546 760 3616 scriptoribus
780 3561 848 3612 quoe
863 3543 963 3596 laudat
976 3541 1134 3596 Diomedes.
