2476 3914
159 185 202 248 52
269 184 310 238 De
329 151 531 252 orthographia
550 181 608 237 sive
627 182 662 236 de
681 179 774 235 dubiis
792 181 937 235 nominum
954 181 1060 239 formis.

157 333 341 394 nominativo
365 333 532 409 genetivus.
568 353 659 411 quam
681 332 829 391 rationem
850 333 887 391 ui
910 333 1097 393 custodirent
1120 353 1170 394 ve·

156 427 249 501 teres,
271 424 369 482 mulin
392 423 465 481 dure
488 423 694 498 protulerunt,
721 423 757 479 ui
779 420 900 497 ancipes
923 441 978 498 pro
1002 441 1114 499 anceps
1138 427 1170 483 ei

156 512 313 590 praecipes
336 530 391 589 pro
410 529 562 587 praeceps.
593 529 648 568 nec
670 512 772 568 lamen
795 505 997 587 quis<quam>
1020 511 1093 570 hoec
1118 531 1170 571 su-

157 601 319 676 pellectilis
342 601 440 660 dicere
464 617 557 658 ausus
580 602 639 674 esi,
662 601 693 658 ei
715 597 782 656 ideo
806 598 917 658 rectius
941 600 987 658 esi
1009 618 1078 658 cum
1099 601 1170 677 plu-

130 690 240 749 sribus
268 693 348 749 sture
377 692 408 748 ei
430 689 511 765 quod
538 687 702 764 speciosius
730 688 776 746 esi
798 688 830 744 in
852 687 1002 764 loquendo
1024 689 1171 765 proferre.

225 777 430 855 Oh.118,21
457 780 620 836 Amazon.
644 770 794 854 ‘quamvis
818 775 936 834 nullum
959 796 1068 836 nomen
1085 777 1171 838 Laii-

158 887 232 925 num
254 885 292 927 ou
314 866 425 926 litteris
448 865 572 924 finiatur
595 869 625 924 ei
647 865 715 924 ideo
738 864 878 924 Rhodum
901 868 932 923 ei
950 866 1058 924 Delum
1081 885 1172 927 eccu-

159 957 256 1016 selivo
280 955 428 1031 dicamus,
451 957 553 1013 iumen
576 953 723 1030 quaedem
746 947 828 1011 suni'
852 952 953 1031 inquii
974 954 1092 1014 Plinius
1118 956 1172 1016 Se·

160 1044 275 1102 cundus
303 1038 393 1120 ‘quae
421 1043 459 1101 ad
482 1061 536 1102 nos
563 1061 660 1119 usque
683 1042 820 1119 proprios
848 1043 946 1119 geniis
969 1061 1041 1103 suae
1064 1045 1172 1104 vultus

121 1149 146 1188 ro
160 1133 348 1209 formamque
371 1131 552 1204 cusiodiunt,
574 1137 611 1190 ui
628 1131 748 1208 Pluion‚
770 1125 958 1207 Xenophon'.

225 1218 276 1279 Oh.
293 1223 365 1295 118,
381 1223 421 1280 25
443 1218 644 1279 Auiumnel
658 1219 764 1298 Varro,
783 1222 994 1293 aequinoctium
1008 1224 1173 1300 uuiumuui,

159 1309 239 1386 quod
257 1309 338 1368 idern
355 1309 472 1368 Plinius
491 1308 596 1369 eodem
614 1309 692 1368 libro
706 1307 751 1366 VI
768 1310 864 1369 notui.
890 1309 1054 1371 videndum
1067 1313 1173 1370 iumen

159 1401 205 1457 esi
227 1417 266 1456 an
289 1399 519 1474 reprehensione
542 1399 583 1457 sii
604 1397 729 1474 dignum
751 1397 836 1472 prius
855 1398 911 1457 illu
929 1398 1015 1457 nobis
1035 1402 1174 1474 spectatu

159 1487 285 1547 ratione.
330 1487 451 1546 nomina
475 1487 623 1564 quaedam
646 1489 716 1546 suni
737 1486 927 1564 principalia,
952 1505 1029 1565 quae
1052 1486 1174 1548 Plinius

119 1590 145 1632 15
160 1575 314 1635 Secundus
338 1576 443 1634 eodem
465 1576 542 1636 libro
569 1575 713 1635 facientia
735 1576 885 1652 appellat,
913 1595 949 1635 ex
971 1575 1080 1652 quibus
1101 1597 1173 1653 pos·

160 1665 274 1724 sessive,
287 1668 461 1740 nascuntur,
475 1683 553 1742 quae
568 1664 704 1741 poliendi
717 1668 817 1739 vocet,
833 1667 870 1723 ui
884 1665 1003 1740 aquale.
1026 1683 1096 1724 nam
1110 1665 1174 1726 Lu-

149 1738 247 1811 ocilius
266 1752 342 1810 libro
361 1752 377 1810 I
396 1755 569 1811 saturarum
587 1754 860 1830 aruiaenaeque
883 1753 984 1829 inquii
1006 1754 1174 1833 aquales3

158 1860 218 1899 non
236 1844 273 1899 ui
291 1842 457 1899 autumnal.
487 1840 577 1899 huius
592 1842 696 1899 aulem
714 1839 881 1916 principale
895 1860 1004 1900 nomen
1022 1845 1069 1901 esi
1083 1861 1174 1920 equa.

162 1931 243 2007 quod
256 1948 327 1989 vero
341 1929 459 2005 patitur
478 1948 512 1988 ec
530 1931 615 1988 tenet
631 1947 741 2006 aquam
755 1931 873 2007 aquile,
892 1933 928 1989 ui
942 1931 1050 2010 equile,
1070 1932 1174 2011 sedile,

121 2035 149 2074 so
162 2019 282 2096 monile,
306 2018 350 2077 aii
372 2018 452 2077 idern
474 2017 591 2077 Plinius
617 2015 765 2095 [equale]

41 2111 43 2115 ’
227 2106 438 2186 Oh.118‚33
468 2107 667 2185 Aqualium
697 2126 736 2166 en
762 2109 863 2183 polius
895 2108 1086 2186 aquarium
1112 2109 1177 2170 dici

161 2196 268 2256 debeat
287 2196 406 2273 qnaerii
424 2197 541 2256 Plinius
557 2196 712 2256 Secundus
732 2200 763 2256 ei
781 2199 879 2274 putei,
898 2201 934 2256 ui
952 2198 1077 2257 laterale
1096 2197 1174 2259 late-

160 2287 284 2362 rnrium,
308 2287 424 2345 scutale
445 2286 620 2362 scutarium,
640 2289 671 2344 ei
689 2287 830 2346 manuale
850 2306 963 2364 saxum,
981 2287 1176 2348 mandurium

160 2392 223 2451 vac,
246 2375 334 2450 proin
357 2375 485 2453 aqualis,
508 2375 668 2453 aquarium
691 2375 759 2434 dici.

120 2477 148 2518 25
228 2461 416 2540 Oh.119,3
450 2463 616 2522 Animal
648 2464 778 2522 animale
809 2464 914 2539 faciei,
946 2466 982 2523 ui
1013 2467 1175 2525 autumno]

161 2553 345 2627 autumnale,
369 2552 481 2627 capital
504 2551 648 2627 capitale,
670 2552 805 2610 iribunal
829 2553 993 2611 tribunale:
1017 2573 1095 2630 quae
1117 2573 1174 2631 pa·

160 2639 255 2697 liendi
272 2658 333 2699 non
351 2644 431 2716 suni,
448 2641 485 2697 ui
508 2658 599 2715 supra
621 2639 758 2698 diximus.
797 2640 913 2699 Plinius
933 2641 1087 2702 Secundus
1106 2644 1174 2703 eni-

160 2727 230 2803 mul,
244 2745 304 2785 non
323 2728 451 2786 animale
466 2727 510 2786 cii
528 2727 588 2785 dici
601 2727 716 2786 debere.
741 2726 772 2787 0.
790 2727 909 2806 Caesar,
923 2731 1011 2808 quasi
1028 2731 1173 2792 indiscre-

160 2817 228 2873 ium
246 2815 301 2873 hoc
321 2815 368 2893 sii,
384 2816 428 2876 aii
443 2819 453 2875 i
470 2816 574 2875 littera
591 2816 779 2878 nominativo
795 2818 942 2896 singulari
960 2822 1068 2879 neutra
1085 2821 1175 2881 finita

121 2903 281 2961 conomina
304 2905 430 2964 eundem
451 2904 618 2964 finitionem
641 2923 747 2982 capere
772 2925 863 2983 quern
886 2909 1010 2983 capiunt
1033 2926 1046 2967 c
1067 2909 1175 2971 littera

161 2991 331 3069 terminata,
350 2992 420 3052 huic
444 2994 566 3053 animoli
585 2997 616 3053 ei
634 2993 671 3052 ab
690 2995 746 3054 hoc
767 2995 899 3073 animali,
917 2996 987 3055 huic
1005 2999 1123 3072 puteali
1141 3002 1174 3058 ei

163 3080 199 3139 ab
224 3081 279 3139 hoo
298 3083 422 3156 puteoli.

164 3320 205 3375 Oh
234 3255 267 3304 25
286 3249 426 3390 uggssul]
450 3255 484 3304 30
502 3252 653 3318 finitionum
675 3251 738 3322 lego
763 3250 809 3321 (cl.
830 3252 884 3324 Zur
906 3252 1098 3318 Quellenunal.
1123 3256 1172 3311 des

207 3337 246 3375 ur.
265 3340 292 3390 p.
373 3365 378 3376 .

201 3540 213 3588 t
235 3468 266 3515 11
288 3463 477 3590 ulutumnul]
496 3463 594 3534 Varro,
613 3465 648 3518 de
661 3482 683 3520 r.
697 3482 718 3520 r.
735 3464 773 3519 ΠΙ
783 3470 834 3535 isti
849 3467 958 3522 circiter
971 3470 1172 3537 aequinoctium

162 3551 201 3587 ou
212 3552 297 3589 uuuuu
308 3553 329 3590 e.
