2476 3914
95 180 137 245 86
173 176 387 234 Adnotationes.
406 176 448 233 De
463 193 521 233 acc.
532 177 602 248 sing.
613 176 708 234 dubio.
726 176 768 233 De
777 176 865 234 ablat
876 175 952 250 sing.
962 179 1032 235 tera
1042 178 1114 237 deal.

95 331 218 408 Tanais,
242 330 397 406 Tanaidis3
427 331 478 408 89,
499 331 541 388 24
565 328 700 406 Sarapis,
720 317 891 405 Sarapidis3
914 326 991 408 Isis,
1015 329 1114 392 Isidis.

94 419 196 478 Nihilo
220 419 319 479 secius
341 421 372 479 et
400 419 494 478 latine
516 417 662 478 declinari
683 420 823 495 possunt,
846 420 884 477 ut
905 417 1059 479 Varronis
1083 423 1114 480 et

94 508 223 586 Vergilii
245 508 420 568 testimonia
443 507 615 586 significant
638 497 704 588 (89,
725 498 790 587 24).
830 499 963 583 ‘Domi',
986 511 1115 586 propter

95 590 200 656 ‘suae'
228 617 406 675 pronomen,
434 598 592 675 genetivus
618 594 801 670 habebatur,
828 613 1021 673 quamquam
1049 598 1113 657 eius

94 688 175 747 modi
198 688 312 748 formae
335 685 485 747 adverbiis
507 686 639 745 inserere
662 682 808 745 solebant.

244 889 292 943 De
316 884 508 942 accusativo
532 882 697 955 singulari
719 883 824 940 dubio
847 871 891 962 (p.
912 872 957 963 7).

161 1005 192 1066 Ο.
221 1004 330 1066 Caesar
356 1008 392 1065 ut
419 1006 451 1064 in
478 1003 616 1065 omnibus
645 1005 707 1064 fere
735 1023 811 1083 quas
837 1005 1039 1082 praescripsit
1066 1026 1113 1067 re-

95 1095 175 1173 gulis
199 1093 403 1171 grammaticis
426 1113 487 1154 non
509 1094 641 1153 multum
663 1094 800 1170 proiecit.
846 1092 1036 1154 Graecorum
1058 1115 1113 1157 no·

93 1185 175 1241 mina
197 1183 320 1259 propria
347 1183 440 1241 latine
468 1183 672 1243 declinantem
699 1185 785 1243 velut
808 1180 937 1260 Calypso
963 1181 1113 1262 Calypso·

94 1292 162 1331 nem
196 1269 348 1351 (Quinti
372 1265 406 1354 5)
439 1272 625 1332 consuetudo
658 1270 826 1349 superavit3
862 1270 981 1331 Plinius
1018 1272 1113 1334 iussit

94 1381 202 1440 graeca
224 1361 346 1421 nomina
368 1381 428 1421 non
457 1361 561 1420 latinis
588 1361 702 1438 regulis
730 1359 858 1436 allegari
880 1350 947 1440 (ch.
970 1363 1047 1439 123,
1069 1357 1112 1442 7).

96 1451 145 1511 Sic
163 1452 195 1511 in
213 1451 267 1511 illa
290 1470 409 1528 quoque
434 1451 608 1528 quaestione
632 1449 668 1507 de
692 1449 865 1511 accusativo
888 1448 921 1507 in
944 1451 998 1509 dm
1020 1470 1111 1527 prae·

95 1545 217 1618 ceptum
226 1539 362 1600 Caesaris
376 1559 437 1601 non
450 1540 549 1601 valuit
563 1528 781 1619 (Ch.122,29).
808 1536 948 1597 Ceterum
962 1538 1001 1599 de
1014 1538 1112 1600 Plinii

96 1629 245 1689 sententia
266 1629 318 1689 vix
345 1629 419 1688 certi
448 1628 612 1705 quidquam
640 1630 775 1687 statuere
802 1644 976 1703 possumus,
1001 1647 1112 1705 quam·

95 1737 186 1794 quam
218 1717 340 1777 videtur
366 1735 439 1776 suae
466 1718 592 1793 regulae
620 1735 679 1775 non
703 1714 865 1775 obsecutus
893 1733 970 1794 esse,
995 1718 1111 1797 quippe

94 1807 146 1882 qni
164 1805 249 1862 nulla
268 1806 328 1863 alia
345 1804 494 1864 vocabula
516 1805 548 1862 in
566 1808 619 1863 im
642 1821 701 1863 aco.
721 1804 886 1865 admittens
910 1804 968 1864 nisi
991 1808 1111 1879 febrim,

92 1896 209 1960 tussim,
232 1896 323 1960 sitim,
346 1893 410 1969 ipse
434 1895 536 1952 tamen
558 1893 589 1951 in
612 1892 650 1952 N.
673 1891 710 1952 H.
735 1893 878 1971 securim,
906 1893 1031 1972 turrim,
1056 1915 1109 1956 cu·

95 1983 205 2043 oumim
228 1981 379 2042 scriberet.

128 2169 177 2222 De
205 2165 357 2222 ablativo
381 2163 545 2234 singulari
567 2165 686 2222 tertiae
710 2163 943 2222 declinationis
967 2150 1011 2241 (p.
1032 2152 1079 2243 8).

161 2287 267 2346 Totius
295 2286 392 2362 operis
420 2285 551 2345 Pliniani
579 2289 671 2364 caput
703 2287 784 2364 quod
812 2304 827 2345 e
855 2284 1016 2363 naufragio
1046 2303 1111 2347 ser·

93 2379 200 2437 vatum
231 2379 278 2435 est
309 2375 457 2450 optimum
489 2378 521 2434 et
552 2393 612 2434 non
644 2375 732 2452 parvi
763 2374 933 2435 faciendum
965 2374 1022 2435 hoc
1051 2379 1109 2436 est.

94 2464 247 2541 Quidquid
267 2464 469 2524 desideramus
487 2465 519 2523 in
538 2464 666 2541 singulis
684 2462 831 2543 partibus,
846 2463 995 2540 quidquid
1014 2464 1110 2525 variis

93 2555 192 2614 causis
215 2554 247 2611 in
270 2553 307 2611 iis
326 2554 503 2627 corruptum
522 2555 568 2612 est
585 2553 635 2612 vel
653 2553 782 2629 caligine
802 2552 935 2628 quadam
953 2551 1109 2632 obrutum,

93 2644 179 2701 nulla
205 2643 268 2701 fere
295 2640 494 2716 reliquiarum
525 2658 595 2717 pars
627 2640 816 2700 intuentibus
848 2643 913 2700 tam
946 2642 1110 2718 perspicua

94 2733 141 2787 est
165 2749 256 2806 quam
279 2748 327 2807 ea,
352 2747 429 2805 quae
454 2728 490 2786 de
522 2727 657 2790 ablativo
681 2729 828 2806 singulari
857 2732 903 2788 est
926 2731 1108 2808 conscripta.

92 2816 138 2875 De
162 2817 295 2879 ablativo
319 2817 468 2896 singulari
485 2820 647 2894 praecepta
665 2817 813 2895 quaedam
831 2836 850 2876 a
868 2817 1013 2896 Varrone,
1033 2819 1110 2879 Cae·

93 2925 173 2983 sare,
204 2906 311 2966 Verrio
344 2907 451 2967 Flacco
483 2907 556 2968 data
589 2910 676 2967 erant
709 2899 774 2986 (oh.
797 2909 873 2982 122,
894 2909 949 2986 233
974 2911 1052 2982 126,
1073 2912 1108 2987 93

96 2987 251 3076 133,18),
269 3014 368 3072 neque
390 2997 524 3071 perfecta
542 2995 700 3075 diligentia
719 2999 750 3056 et
773 3014 889 3056 summo
908 2996 1010 3057 studio
1032 2997 1109 3059 haec

95 3104 143 3145 res
172 3087 238 3144 erat
264 3087 403 3144 tractata.
449 3086 526 3145 Erat
553 3104 625 3147 vero
653 3086 684 3144 in
712 3088 778 3145 tota
805 3105 837 3145 re
867 3086 939 3146 ordo
968 3088 1000 3145 et
1025 3088 1107 3148 ratio

95 3176 252 3252 quaedam,
272 3192 363 3251 quam
378 3172 495 3232 Plinius
513 3175 629 3251 primus
652 3174 811 3252 indagavit
835 3174 980 3252 filumque
999 3178 1107 3237 tenens

93 3283 148 3340 per
179 3261 345 3340 labyrinthi
377 3261 518 3340 ambages
551 3262 589 3321 ad
621 3281 690 3321 eum
718 3264 818 3323 locum
844 3283 1021 3342 progressus
1050 3269 1107 3342 est,

93 3371 183 3429 quem
203 3352 255 3412 alii
279 3369 424 3428 occupare
444 3369 636 3430 nequaquam
657 3355 806 3428 poterant.
845 3351 1035 3430 Quamquam
1053 3356 1107 3431 qui

94 3442 126 3500 in
149 3442 206 3502 tali
228 3461 261 3501 re
283 3444 381 3501 certas
404 3442 527 3518 regulas
551 3440 735 3502 constituere
758 3441 895 3519 cupiunt,
913 3441 1003 3501 facile
1022 3444 1106 3503 ultra

93 3530 167 3590 fines
191 3530 438 3609 progrediuntur,
463 3530 535 3607 quia
557 3530 692 3590 homines
719 3531 882 3591 veritatem
908 3530 1105 3611 inquirentes,
