2476 3914
134 207 173 262 Vl
417 203 666 260 commentariolus
684 203 853 274 isagogicas.

135 348 224 417 tione,
244 346 430 417 derivatione,
449 346 581 417 historia,
600 348 632 400 ut
651 348 745 402 cetera
763 346 1009 416 grammaticorum
1027 364 1144 402 munera

137 428 275 496 omittam,
296 426 519 483 continebantur.
546 427 676 494 Namque
695 427 730 481 de
750 427 869 498 syntaxi,
885 427 963 482 cuius
980 443 1082 497 parens
1102 430 1146 483 est

136 507 301 578 Apollonius
320 507 465 578 Dyscolus,
485 506 580 562 studia
599 506 739 561 severiora
757 508 881 562 nondum
899 510 980 562 erant
997 507 1081 562 facta.

207 587 316 656 Operae
337 589 460 657 pretium
483 590 526 642 est
550 603 635 655 quam
656 585 821 641 brevissime
839 587 987 642 historiam
1005 604 1143 657 gramma-

135 667 209 722 ticae
233 667 367 736 antiquae
390 683 562 736 percurrere,
588 670 621 722 ut
643 683 677 721 ea
700 684 772 735 quae
796 671 950 736 sequuntur
972 685 1029 723 non
1055 668 1145 722 solum

134 747 234 801 harum
260 764 353 802 rerum
379 746 477 816 peritis
506 748 556 801 sed
583 747 671 801 etiam
692 745 741 815 iis,
764 746 813 815 qui
835 747 906 803 haec
929 745 1023 802 studia
1045 746 1144 816 primis

135 827 233 896 digitis
252 827 418 896 attigerunt,
436 826 628 896 probabiliora
646 827 803 885 rideantur.

207 906 358 972 Quaerenti
377 906 533 961 studiorum
550 907 798 978 grammaticorum
821 906 904 961 initia
927 923 945 960 a
967 904 1144 975 philosophis

135 987 243 1057 graecis
273 986 438 1041 ordiendum
466 988 518 1042 est.
560 987 647 1041 Primi
678 987 722 1040 illi
748 986 911 1057 philosophi
937 1003 994 1040 non
1021 1003 1039 1039 a
1066 985 1146 1040 verbi

137 1066 282 1121 elementis
300 1066 419 1136 profecti
439 1068 504 1120 sunt
518 1099 552 1108 -
571 1068 681 1121 utinam
697 1070 815 1137 possent
828 1099 876 1136 -‚
895 1070 928 1121 ut
945 1066 1009 1120 Indi
1027 1069 1145 1136 veteres,

135 1145 272 1213 aquibus
296 1162 330 1200 ea
354 1163 399 1199 ars
424 1163 532 1201 summo
556 1146 617 1201 iure
639 1147 847 1220 vyakarana¹)‚
867 1144 1001 1207 ἀνάλυσις
1024 1145 1082 1199 fere
1100 1145 1147 1199 vel

135 1226 260 1280 reductio
280 1227 317 1279 ad
334 1225 482 1296 principia,
503 1227 715 1297 appellabatur,
739 1229 788 1282 scd
808 1226 906 1280 statim
928 1226 965 1280 ad
989 1226 1145 1295 superiores

134 1305 263 1375 regiones
282 1306 469 1362 evolaverunt.
507 1306 647 1376 Sophistis
666 1310 728 1363 erat
745 1307 844 1378 lingua
862 1306 951 1361 telum
970 1322 1025 1374 quo
1049 1321 1144 1359 omnes

135 1402 266 1455 superare
291 1403 375 1455 posse
403 1385 458 1439 sibi
480 1386 658 1444 videbantur.
694 1385 912 1442 Accusatissime
934 1386 1147 1456 perpendebant

133 1466 335 1521 vocabulorum
352 1468 410 1523 vim
429 1469 458 1523 et
485 1467 731 1538 significationem,
751 1470 783 1522 ut
805 1483 1020 1536 synonymorum
1043 1465 1145 1519 doctri-

134 1563 201 1600 nam
229 1564 246 1601 a
274 1547 391 1604 Prodico
420 1549 449 1603 et
475 1549 631 1619 Protagora
659 1549 802 1604 conditam
834 1563 896 1602 esse
927 1547 975 1602 rix
1004 1546 1145 1600 miremur.

134 1626 234 1694 Itaque
252 1627 283 1681 in
300 1628 458 1698 praeceptis
473 1628 599 1683 Platonis
618 1631 647 1682 εὴ
659 1627 821 1682 Aristotelis
840 1628 990 1680 odoramur
1006 1623 1146 1692 sophista-

134 1722 196 1758 rum
211 1707 374 1762 sententias.
401 1707 456 1761 Sed
471 1707 622 1761 dolendum
633 1710 676 1762 est
685 1708 761 1776 quod
770 1707 805 1760 de
814 1705 929 1774 linguae
939 1705 1014 1774 apud
1024 1703 1145 1757 Graecos

133 1784 235 1838 studiis
253 1785 312 1838 illis
331 1786 529 1840 vetustissimis
548 1802 674 1840 caremus
693 1785 854 1841 auctoribus
872 1783 1069 1854 locupletibus.

203 1864 439 1931 Antiquissimum
463 1864 657 1919 testimonium
683 1866 819 1920 habemus
843 1863 969 1918 Platonis
992 1863 1144 1934 CratyIum,

135 1943 169 1997 de
189 1960 243 2012 quo
263 1943 377 2013 dialogo
397 1945 489 1998 adhuc
508 1946 611 1999 acriter
629 1945 776 2016 disputant
793 1944 848 1999 viri
871 1944 956 2000 docti.
995 1944 1145 2010 Quaeritur

132 2042 200 2078 num
214 2024 326 2079 vinculo
345 2024 469 2093 quodam
481 2024 650 2078 vocabulum
669 2027 698 2079 et
716 2025 776 2079 eius
796 2024 965 2093 significatio
981 2023 1145 2079 continean-

131 2105 192 2173 tur,
220 2122 288 2159 num
314 2106 428 2159 nomina
451 2103 534 2159 rebus
557 2104 691 2174 imposita
716 2104 773 2159 sint
796 2103 871 2178 νόμῳ
899 2122 937 2159 an
964 2106 1056 2176 <prisea
1093 2103 1146 2158 Est

133 2201 198 2239 vero
217 2185 247 2239 in
265 2186 318 2240 hoc
337 2185 450 2255 dialogo
475 2184 597 2256 aliquid,
621 2187 696 2254 quod
719 2187 816 2240 teneat
838 2203 889 2240 nos
913 2188 942 2240 et
959 2189 1072 2241 moveat
1096 2185 1145 2238 ad-

132 2265 319 2323 mirationem.
357 2265 540 2332 Quinetiam
563 2269 624 2320 tum
647 2284 711 2321 cum
733 2269 809 2321 errat
831 2267 874 2321 vir
897 2266 1011 2322 divinae
1033 2265 1145 2334 mentis,

63 2370 70 2387 ·
134 2363 273 2399 summum
290 2347 436 2418 ingenium
454 2348 483 2400 et
501 2346 661 2402 mirabilem
680 2347 868 2418 sagacitatem
887 2348 1019 2403 ostendit.
1050 2344 1145 2399 Facile

133 2429 176 2479 cst
202 2426 318 2481 irridere
346 2429 462 2481 conatus
490 2427 590 2482 horum
617 2427 849 2497 philosophorum
876 2427 906 2480 in
933 2426 1078 2482 vocabulis
1108 2425 1144 2478 ad

133 2504 274 2576 principia
292 2506 466 2563 reducendis.
494 2508 592 2576 Neque
610 2510 729 2561 naturae
743 2507 912 2561 Graecorum
925 2522 1015 2574 neque
1029 2505 1145 2573 linguae

133 2601 243 2655 corum,
276 2586 424 2641 subtiliore
456 2586 637 2640 distinctione
672 2585 813 2640 vocalium
844 2585 937 2639 minus
968 2583 1144 2654 perspicuae,

135 2681 250 2719 casuum
269 2668 298 2721 ct
322 2683 437 2721 numero
462 2668 490 2721 et
513 2665 739 2721 extremitatibus
764 2664 929 2733 deminutis,
949 2662 1098 2732 analogiae
1116 2663 1145 2718 vi

133 2744 220 2799 latius
235 2746 406 2817 dominante,
421 2745 606 2802 conveniebat
618 2745 691 2800 ratio
704 2762 789 2814 quam
802 2744 866 2799 Indi
880 2743 969 2799 secuti
983 2743 1080 2813 sunt.⁹)
1103 2745 1145 2800 De

132 2826 270 2880 vocabulo
290 2828 349 2881 solo
364 2826 452 2897 igitur
465 2827 523 2882 fere
538 2843 632 2881 omnes
648 2826 810 2880 scribebant
823 2828 852 2880 et
866 2824 1048 2893 quaerebant.
1080 2824 1144 2880 Non

135 2904 349 2975 distinguebant
362 2910 457 2962 tamen
472 2907 623 2977 diligenter
641 2906 672 2960 τὸ
687 2904 777 2975 ὄνομα
787 2931 820 2950 =
830 2919 931 2957 nomen
945 2919 963 2956 a
976 2903 1008 2957 τὸ
1027 2899 1144 2973 ῥῆμα-τ

132 2985 218 3039 verbo
238 2989 304 3041 ante
322 2986 513 3056 Aristotelem,
533 2986 582 3055 qui
599 2986 718 3041 videbat
735 2985 770 3040 τὰ
794 2981 904 3055 ῥήματα
924 3000 986 3038 cum
1009 2985 1144 3053 temporis

132 3064 247 3120 notione
275 3083 336 3121 esse
364 3068 521 3122 coniuncta.
565 3065 667 3120 Stoicis
695 3065 829 3119 debemus
856 3063 937 3116 illam
965 3062 1144 3134 disciplinam

133 3163 218 3216 quam
240 3163 291 3202 nos
314 3147 529 3217 grammaticam
557 3146 683 3201 dicimus.
721 3145 765 3198 Ab
788 3144 833 3197 his
856 3159 907 3213 per
929 3143 1084 3198 Varronem
1107 3142 1143 3194 ad

134 3227 276 3282 Romanos
294 3227 436 3298 pervenit,
456 3245 472 3281 a
490 3225 625 3281 Romanis
643 3242 693 3279 nos
713 3240 776 3279 eam
799 3222 958 3279 didicimus.
994 3221 1145 3290 Augebant

136 3308 224 3363 Stoici
237 3324 383 3363 numerum
396 3305 531 3362 orationis
544 3306 681 3376 partium
698 3304 844 3359 habebant
858 3304 932 3358 enim
946 3303 1044 3372 ὄνομα,
1059 3296 1144 3368 ῥῆμα,

206 3506 226 3558 1)
241 3507 265 3546 vi
274 3523 301 3541 =
310 3506 362 3549 dis.
377 3504 426 3546 a:
436 3504 472 3555 ad,
485 3504 573 3555 karcna
587 3514 601 3542 a
614 3502 662 3543 rad.
677 3502 836 3555 k15=facsra

201 3570 222 3617 2)
237 3570 265 3610 cf.
280 3573 357 3610 tamen
371 3567 398 3609 G.
409 3567 493 3619 Meyer,
506 3567 592 3616 ussays
607 3577 629 3605 u.
643 3565 707 3606 Stud.
717 3565 742 3605 11
755 3577 777 3614 p.
787 3567 807 3606 6.
