2476 3914
386 132 637 188 Commentariolus
657 133 825 203 isagogicus.
1020 137 1111 191 XXIII

91 277 170 350 fugit
189 277 226 331 ad
246 275 333 330 libros
351 274 542 331 Varronianos
559 274 688 344 inprimis
707 278 915 348 grammaticos,
934 279 1055 334 maxime
1075 281 1111 334 ad

95 359 204 414 librum
221 357 261 410 XI
280 357 314 410 de
332 356 351 410 1,
370 355 390 409 1.
426 355 459 409 11
481 356 535 408 hoc
557 354 629 408 libro
648 360 729 411 erant
748 358 855 425 omnIa,
875 376 946 427 quae
970 361 1007 414 ad
1026 360 1111 414 decli-

90 439 225 494 nationes
239 435 442 492 vocabulorum
456 435 624 506 spectabant
637 436 682 506 (cf.
694 436 861 508 Wilrnanns,
875 439 963 508 praef.
977 458 1003 509 p.
1011 445 1043 494 31
1051 444 1111 510 sq.).

92 520 248 574 Praeterea
267 515 398 571 adhibuit
415 514 524 570 Plinius
547 515 635 569 libros
656 517 707 571 ‘de
730 518 856 573 utilitate
879 520 1029 574 sermonis’
1050 522 1110 591 (Oh.

92 605 157 668 123,
171 601 198 668 3)
221 600 251 654 et
275 598 327 652 ‘de
352 612 479 651 sermone
502 595 607 651 latino’
632 595 761 665 plurimis
784 597 867 668 locis,
891 615 925 653 ex
949 616 1003 667 quo
1027 617 1111 670 opere

91 679 205 732 multae
230 678 266 731 de
295 675 498 745 orthographia
527 674 737 731 observationes
769 678 931 734 transibant
962 678 992 733 in
1024 681 1111 735 libros

94 757 247 813 Plinianos.
268 756 396 825 Denique
410 755 492 809 illum
505 755 597 810 locum
611 757 687 826 apud
697 757 856 813 Charisium
866 765 908 829 91,
917 765 950 813 26
961 776 993 813 er
1003 758 1075 814 libro
1085 761 1111 815 Il

98 839 135 892 de
167 836 350 892 similitudine
381 836 532 890 verborum
563 835 608 889 cui
639 837 764 892 tribuam
795 839 851 893 nisi
884 839 975 894 Plinio
1006 840 1111 895 nescio.

97 917 280 972 Manifestum
304 919 347 972 est
370 916 401 969 in
422 915 588 985 fragmentis
607 917 745 972 Plinianis
768 919 858 974 multa
875 919 1052 976 Varroniana
1069 920 1111 974 in-

96 998 198 1069 veniri,
225 1014 298 1066 quae
325 996 382 1051 nisi
409 995 531 1050 colorem
556 995 716 1051 Plinianum
742 1015 918 1070 corrumpere
944 1001 1028 1071 velis,
1055 1018 1112 1055 non

95 1079 267 1134 removenda
287 1080 359 1132 sunt.
397 1076 442 1130 Ad
461 1075 617 1130 doctrinam
635 1078 720 1132 Plinii
739 1079 784 1133 vel
804 1080 841 1134 ad
858 1084 1018 1151 praecepta,
1038 1097 1110 1150 quae

94 1159 185 1213 dabat
198 1157 322 1228 pertinet
336 1154 498 1210 dissertatio
512 1155 545 1211 D.
560 1155 715 1210 Detlefseni
728 1155 758 1210 in
773 1157 912 1226 symbolis
925 1159 1024 1228 philol.
1038 1161 1111 1215 Bon·

93 1237 226 1294 nensium
243 1256 271 1306 p.
283 1243 333 1292 712
344 1254 394 1304 sq,
412 1235 442 1288 in
461 1252 517 1304 qua
534 1234 609 1289 inter
627 1235 684 1289 alia
702 1237 911 1292 demonstratur
924 1239 1046 1293 Plinium
1061 1258 1112 1294 sua

92 1319 251 1389 praecepta
269 1318 303 1372 de
322 1315 434 1370 casibus
452 1314 482 1368 in
500 1314 646 1369 Naturalis
666 1314 810 1371 Historiae
828 1317 908 1372 libris
926 1337 982 1373 non
1002 1335 1111 1389 semper

93 1413 156 1452 esse
184 1399 319 1451 secutum.
357 1396 398 1450 De
421 1413 441 1450 u
464 1394 607 1463 geminato
635 1395 666 1448 in
693 1397 838 1450 vocabulis
861 1403 886 1452 4.
906 1398 1006 1453 declin.
1031 1399 1112 1453 etin

96 1477 162 1531 aliis
181 1475 337 1545 vocabulis,
353 1474 431 1529 cuius
451 1474 662 1528 consuetudinis
681 1475 711 1528 In
726 1475 869 1530 codicibus
883 1476 1020 1531 Plinianis
1035 1482 1112 1533 certa

93 1556 219 1626 vestigia
238 1558 313 1625 sunt,
327 1555 403 1624 apud
418 1554 549 1622 antiquos
568 1554 768 1623 grammaticos
787 1555 859 1609 nihil
878 1555 957 1609 aliud
975 1557 1111 1611 habemus

94 1638 150 1691 nisi
163 1636 359 1692 testimonium
374 1635 444 1689 satis
459 1634 596 1690 incertum
611 1634 656 1705 (cf.
671 1635 839 1706 Brambach,
854 1636 989 1706 Neugest.
1001 1657 1029 1707 p.
1041 1638 1111 1705 131).

94 1716 181 1771 Plinii
198 1718 353 1786 praecepta
371 1714 559 1785 grammatica
577 1732 650 1783 quae
670 1716 707 1769 ad
721 1716 954 1787 orthographiam
970 1717 1113 1787 pertinent

96 1797 251 1868 diligenter
269 1797 463 1866 perscrutatus
483 1797 526 1848 est
544 1796 748 1851 Brambachius
766 1796 798 1849 in
815 1796 901 1867 libro,
922 1815 1006 1866 quem
1028 1799 1112 1852 modo

95 1876 225 1946 laudavi,
256 1875 323 1930 anni
347 1881 424 1930 1868.
461 1874 598 1929 Iudicium
622 1879 717 1930 autem
743 1877 819 1944 quod
843 1877 878 1932 de
901 1877 987 1932 Plinii
1010 1878 1112 1932 studiis

96 1957 163 2011 tulit
191 1955 277 2010 nimis
301 1957 401 2009 durum
424 1958 475 2011 est.
512 1956 544 2008 In
568 1956 697 2010 eruendis
721 1956 888 2025 fragmentis
913 1961 978 2026 post
1002 1958 1113 2012 8611611-

97 2037 265 2091 muellerum
289 2036 312 2090 si
340 2036 490 2104 quisquam
518 2035 602 2105 longo
630 2036 765 2105 temporis
793 2037 944 2092 Intervallo
972 2037 1113 2091 laudabili

98 2115 249 2185 diligentia
282 2115 408 2170 studium
441 2131 611 2184 operamque
643 2115 795 2186 impendit,
828 2117 1004 2170 Hermannus
1037 2115 1112 2168 Neu·

98 2214 218 2251 mannus
236 2200 288 2268 cst,
308 2197 357 2266 qui
376 2215 400 2252 a.
422 2201 489 2250 1881
510 2194 600 2248 edidit
623 2194 753 2248 libellum
773 2196 823 2248 ‘de
842 2195 928 2248 Plinii
952 2194 1031 2248 dubii
1055 2211 1113 2248 ser·
1142 2205 1145 2209 ’

100 2275 191 2330 monis
209 2276 288 2332 libris
303 2276 423 2331 Charisii
442 2280 471 2331 et
484 2273 623 2329 Prisciani
635 2274 784 2329 fontibus’.
808 2273 882 2327 Nam
897 2274 951 2328 atsi
965 2274 1113 2328 Kirchneri

99 2355 130 2408 in
150 2354 274 2410 Servium
293 2357 390 2411 studia
408 2354 532 2425 (scripsit
547 2353 621 2408 enim
638 2354 685 2408 ‘de
700 2353 791 2410 Servii
810 2354 971 2409 auctoribus
985 2372 1112 2426 gramm,

99 2451 169 2504 quos
196 2434 257 2506 ipse
284 2437 429 2492 laudavit’
459 2436 490 2491 in
517 2434 652 2490 Fleckeis.
677 2434 748 2490 Ann.
769 2433 865 2504 Suppl.
885 2439 901 2488 8
924 2454 951 2504 p.
965 2438 1029 2506 469)
1056 2453 1113 2490 non

98 2515 178 2585 parvi
201 2516 289 2587 16616,
313 2517 418 2586 quippe
441 2517 491 2584 qui
513 2517 543 2570 et
560 2515 692 2570 Pliniana
715 2532 732 2568 a
751 2514 847 2571 Servio
871 2517 984 2570 servata
1006 2515 1112 2570 indica-

100 2596 178 2667 verit,
198 2597 253 2652 hoc
273 2597 397 2652 omnium
417 2595 603 2651 certissimum
618 2598 669 2666 est,
684 2595 843 2650 Neumanni
858 2595 959 2650 studiis
973 2597 1112 2666 fragmen-

100 2677 191 2731 torum
210 2694 357 2732 numerum
371 2678 455 2733 valde
475 2679 589 2731 auctum
608 2693 668 2730 esse
683 2680 713 2731 et
730 2693 804 2731 nova
817 2675 920 2729 itinera
935 2677 972 2730 ad
991 2676 1113 2731 frustula

99 2757 179 2825 plura
196 2756 399 2829 investiganda
417 2758 569 2829 patefacta.
606 2755 814 2810 Animadvertit
832 2757 1015 2810 Neumannus
1038 2774 1112 2811 com-

99 2834 190 2904 plures
211 2837 361 2907 scriptores
381 2838 418 2892 ab
437 2854 491 2891 uno
511 2835 602 2890 Plinio
621 2837 742 2893 laudari.

167 2917 249 2972 Unde
278 2920 307 2972 et
333 2918 499 2973 Neumanno
527 2918 556 2971 et
583 2915 648 2971 aliis
681 2915 801 2986 contigit
828 2915 920 2970 Plinio
953 2916 1112 2971 adscribere

100 3011 233 3065 magnum
246 3013 393 3051 numerum
406 2997 635 3066 fragmentorum,
651 3004 728 3065 quae'
737 3013 820 3051 nemo
834 2996 893 3049 fere
907 3013 958 3066 pro
973 2995 1111 3051 Plinianis

98 3073 224 3131 habebat
242 3092 333 3145 neque
351 3093 476 3145 unquam
500 3075 526 3130 ei
548 3076 700 3130 tribuenda
724 3093 784 3131 esse
808 3076 992 3146 cogitaverat.
1030 3077 1113 3130 Prae·

98 3155 176 3210 terea
205 3155 407 3212 animadvertit
428 3156 552 3210 Plinium
578 3156 721 3211 interdum
743 3157 864 3213 Graecos
891 3156 1000 3210 imitari
1027 3155 1112 3222 idque

99 3237 163 3290 ante
183 3235 278 3290 omnia
298 3252 313 3290 e
332 3236 461 3290 doctrina
480 3237 515 3290 de
534 3236 675 3291 adverbiis
694 3253 777 3305 posse
797 3236 984 3291 demonstrari
1001 3235 1112 3304 (Neum.

97 3331 123 3383 p.
138 3317 252 3385 34sq.),
280 3318 403 3371 ceterum
425 3315 625 3371 Palaemonem
653 3333 670 3370 a
692 3316 784 3371 Plinio
809 3317 931 3388 pendere
954 3318 991 3386 (p.
1006 3315 1112 3384 earu).

98 3394 167 3450 Post
185 3396 383 3451 Neumannum
401 3394 492 3451 edidit
515 3396 610 3451 studia
634 3415 685 3451 sua
703 3397 834 3451 Pliniana
854 3397 885 3450 in
902 3397 1112 3466 programmate

98 3493 192 3545 gymn.
221 3476 402 3532 Nordhusani
431 3477 481 3531 ‘de
508 3476 594 3531 Plinii
622 3478 743 3533 Secundi
771 3476 872 3533 studiis
900 3474 1110 3544 grammaticis'
