2476 3914
105 187 173 243 I'III
392 187 643 244 Commentariolus
662 189 830 262 isagogicus.

106 330 243 401 Diogenis
265 330 416 400 Babylonii
442 349 543 387 nomen
570 330 687 404 μεσότης
713 333 867 404 invenisse,
896 336 972 403 quod
994 337 1118 391 medium

104 410 180 466 inter
202 412 293 482 ὄνομα
316 414 346 466 et
368 409 444 483 (ἴημα
469 430 550 467 suum
573 412 666 468 locum
688 411 808 469 haberet
843 415 933 486 (Diog.
952 416 982 471 L.
998 416 1050 470 VII
1064 419 1117 487 57).

105 491 147 546 De
165 491 251 547 tertio
269 492 406 547 vocabulo
423 491 584 562 πανὸέκιης
601 492 673 546 nihil
690 491 749 547 fere
768 494 838 548 certi
856 495 994 550 traditum
1012 499 1063 551 est.

176 572 358 644 Perspicuum
377 575 421 628 est
439 572 548 628 Stoicos
566 572 664 642 iniis,
683 573 733 641 qui
751 574 899 630 scientiam
917 577 1031 646 linguae
1049 579 1116 632 tunc

103 652 241 723 temporis
270 669 338 708 saue
369 652 400 706 in
429 652 607 708 incunabulis
629 656 788 709 versantem
816 656 973 725 coluerunt,
996 656 1118 727 primum

107 732 209 788 ducere
227 749 336 805 agmen.
363 731 437 799 Quos
456 733 701 803 subsequebantur
712 733 904 806 Alexandrini,
924 754 1026 807 agmen
1040 739 1116 792 clau-

104 812 176 869 dunt
193 813 321 870 Romani.
362 812 475 868 Florere
501 812 572 869 haec
602 812 754 883 disciplina
781 815 937 885 incipiebat
963 819 1024 872 tum
1052 836 1115 873 cum

106 893 276 949 Graecorum
303 893 421 948 libertas
443 897 473 948 et
495 911 600 965 magna
622 895 714 963 gloria
736 896 773 949 ad
797 895 944 952 interitum
970 899 1115 968 vergebat.

107 973 174 1028 lude
189 973 225 1027 ab
239 971 275 1026 iis
289 971 463 1042 temporibus
477 989 541 1027 cum
555 975 632 1029 docti
645 975 828 1030 Alexandrini
842 977 991 1047 scriptores
1005 980 1113 1033 veteres

104 1053 262 1113 emendare.
277 1052 422 1122 adnotare,
437 1068 567 1107 enarrare
583 1053 712 1110 omnibus
725 1055 832 1110 uiribus
847 1057 1007 1126 studebant,
1022 1061 1113 1112 ortum

103 1136 147 1187 est
167 1136 310 1188 certamen
328 1130 400 1186 illud
418 1131 493 1188 inter
507 1150 564 1203 eos,
578 1133 628 1203 qui
647 1135 808 1204 analogiam
821 1137 851 1190 et
865 1152 920 1202 eos,
936 1137 985 1205 qui
999 1154 1111 1192 anoma-

104 1212 173 1267 lium
192 1211 388 1269 defendebant.
424 1212 466 1266 De
484 1231 540 1282 quo
559 1213 711 1269 certamine
728 1214 831 1285 Varro,
850 1215 885 1270 de
907 1216 1005 1285 lingua
1023 1217 1112 1271 latina

102 1293 152 1350 lib.
166 1294 241 1364 I'lll,
258 1293 307 1363 Ix,
326 1292 352 1347 X
368 1292 459 1347 fusius
477 1293 642 1364 disputavit.
671 1294 732 1349 Hoc
749 1298 892 1350 certamen
910 1297 985 1364 quod
1005 1313 1111 1350 summo

102 1374 197 1430 studio
216 1391 267 1446 per
284 1377 329 1431 tot
347 1391 435 1430 anuos
452 1375 590 1446 gerebant
607 1378 667 1430 tam
681 1375 764 1429 multi
781 1375 843 1446 viri,
857 1375 951 1445 ipsum
965 1376 1111 1429 Caesarem

104 1454 237 1512 iuriiurit
255 1457 292 1512 ud
311 1455 473 1512 scribendos
491 1455 578 1511 libros
596 1455 719 1511 duosde
738 1456 878 1527 analogia.
908 1456 946 1510 Et
963 1453 1030 1524 quid
1047 1473 1111 1524 pro-

102 1536 231 1595 iecerunt
248 1540 308 1595 tum
334 1537 437 1594 acriter
458 1539 635 1607 pugnantes?
670 1538 712 1591 Ex
734 1534 788 1591 hoc
810 1536 974 1604 certamine,
997 1536 1030 1587 ut
1052 1535 1110 1588 alia

104 1618 244 1689 orrrilturu,
263 1623 326 1675 orta
344 1622 388 1673 est
405 1618 488 1689 τέχνη
506 1617 691 1687 γραμματική.
719 1617 790 1670 Tum
807 1632 863 1685 pax
881 1616 957 1670 facta
976 1616 1019 1668 est
1036 1613 1112 1668 inter

103 1702 250 1770 utriusque,
278 1703 339 1754 tum
361 1698 474 1752 demum
497 1697 533 1751 iis
560 1712 725 1766 persuasum
752 1698 813 1749 erat
840 1697 869 1748 et
896 1693 1057 1762 analogiam
1081 1697 1112 1749 et

101 1779 273 1834 turreruulium
286 1792 412 1847 regnare.
431 1777 531 1845 Itaque
544 1774 707 1845 philosophi
720 1775 886 1844 digerebant
898 1774 1013 1843 linguae
1022 1777 1111 1829 mate-

100 1857 173 1911 rium
181 1874 303 1927 suaeque
311 1856 423 1926 singula
431 1855 568 1911 vocabula
578 1853 663 1909 classi
672 1853 843 1924 tribuebant,
851 1853 1029 1924 grammatici
1037 1872 1111 1922 quae

101 1936 207 1992 similla
223 1952 296 2005 quae
311 1933 460 1989 dissimilia
478 1934 611 2002 cuiusque
630 1933 728 1987 classis
748 1934 942 2003 coniungenda
961 1935 1010 1987 aut
1029 1951 1110 2004 sepa-

100 2014 187 2070 randa
204 2018 298 2070 esseut
311 2014 492 2083 quaerebant,
507 2013 596 2068 nostri
611 2013 742 2081 aequales
757 2014 882 2083 singulos
897 2013 1007 2068 ordines
1022 2031 1109 2081 quam

97 2094 283 2167 plurimorum
300 2094 460 2165 linguarum
474 2096 647 2163 comparant,
662 2094 697 2148 de
712 2093 829 2162 singulis
847 2093 944 2148 formis
962 2093 1109 2160 inquirunt

99 2179 129 2231 ct
151 2192 238 2230 uuum
259 2175 432 2244 eundemque
449 2191 547 2230 vocem
566 2177 596 2230 et
612 2173 840 2230 terminationem
857 2175 887 2229 in
906 2174 1001 2228 multis
1019 2174 1109 2230 latere

101 2256 293 2312 demonstrare
304 2258 447 2311 conantur.
465 2255 561 2311 Iuhac
570 2272 600 2311 re
609 2255 748 2312 maximae
757 2255 878 2310 utilitati
887 2255 973 2310 fuisse
982 2255 1109 2324 linguam

100 2352 209 2390 sacram
221 2337 352 2392 ludorum
361 2352 443 2391 nemo
452 2339 497 2391 est
506 2336 574 2406 quin
584 2336 663 2393 sciat.
687 2336 799 2391 Etenim
808 2338 896 2391 habet
904 2338 1030 2390 nostrum
1040 2353 1109 2404 quo-

98 2430 152 2485 que
164 2416 307 2469 auriculum
317 2432 382 2469 suos
391 2415 577 2485 Aristarchus,
589 2416 638 2485 qui
647 2417 848 2485 perscrutando
858 2433 957 2483 corpus
967 2417 1108 2469 mortuum

98 2493 259 2550 uiuentibus
277 2494 450 2564 profuerunt.
487 2495 512 2547 A
531 2494 643 2549 scholae
661 2493 868 2548 Alexandrinae
887 2492 1024 2562 discipulo
1038 2494 1108 2549 Dio-

95 2573 177 2645 npsIo
192 2573 300 2629 Thrace
320 2589 391 2629 suec.
406 2573 419 2626 l
437 2572 551 2627 ineunte
569 2572 685 2625 taudem
703 2573 831 2627 confecta
850 2574 894 2626 est
907 2588 952 2625 ars
966 2589 1107 2640 gramma-

96 2654 167 2723 ticu,
191 2669 265 2722 quae
287 2667 338 2721 per
364 2650 456 2705 multa
482 2646 594 2705 saecula
621 2650 747 2720 linguam
774 2668 905 2720 graecam
933 2650 1107 2708 discentibus

99 2732 208 2804 optIma
235 2735 297 2786 orat
323 2731 380 2784 dux
405 2732 434 2784 et
456 2729 638 2786 conciliatrix.
674 2732 735 2785 Hoc
757 2729 854 2785 libello
878 2731 965 2785 etiam
987 2733 1109 2788 Romani

96 2812 249 2868 utebantur
266 2810 356 2866 ueluti
373 2810 475 2880 Varro,
494 2809 615 2879 Plinius,
634 2809 798 2878 Palaemon,
817 2809 984 2867 Priscianus.
1023 2812 1105 2884 Quin,

95 2892 171 2962 quod
189 2889 363 2946 rarissimum
381 2891 442 2945 erat
455 2889 491 2945 iis
505 2889 687 2960 temporibus,
707 2891 812 2944 saec.V
824 2909 851 2959 p.
863 2890 891 2947 C.
901 2908 927 2947 n.
943 2891 974 2945 in
991 2892 1104 2963 linguas

95 2970 273 3028 Armenicum
292 2973 321 3025 et
340 2969 484 3039 Syriacam
501 2970 575 3023 hanc
594 2972 683 3023 autern
701 2969 857 3025 vertebant.
891 2970 945 3036 Qui
962 2971 992 3026 in
1011 2991 1103 3043 gram-

95 3050 207 3109 ruuticis
235 3049 332 3104 latinis
360 3049 484 3103 studium
511 3064 680 3119 operamque
708 3047 846 3116 impendit
873 3049 947 3104 hunc
975 3051 1103 3106 libellum

94 3130 242 3201 neglegere
269 3127 346 3182 nullo
375 3127 458 3181 modo
485 3129 586 3197 potest.
629 3126 727 3181 Partes
756 3126 892 3183 orationis
920 3129 1003 3200 λόγου
1031 3130 1101 3199 μέρη

95 3224 208 3267 urruiero
227 3209 289 3262 octo
309 3224 326 3261 a
344 3207 527 3277 grammatico
541 3206 675 3275 Dionysio
694 3205 887 3275 migraverunt
905 3209 935 3265 in
949 3226 1034 3279 opera
1047 3211 1101 3264 Ro·

94 3306 253 3358 pirenorum,
277 3287 326 3356 qui
348 3287 458 3357 ἄρθρον
482 3302 531 3339 suo
554 3286 615 3340 loco
633 3301 744 3340 movere
763 3288 854 3344 coacti
877 3287 1100 3344 interiectionem

93 3369 272 3424 addiderunt.
304 3365 370 3421 Noli
388 3367 488 3434 putare
506 3364 600 3418 omnia
617 3367 679 3418 tum
696 3365 819 3435 primum
837 3385 855 3422 a
868 3367 1000 3435 Dionysio
1019 3370 1101 3434 quasi

92 3447 208 3503 iuuenta
226 3462 299 3501 esse:
322 3444 368 3499 hic
387 3442 459 3498 euim
477 3443 572 3496 studia
591 3445 619 3498 et
636 3449 790 3516 praecepta
808 3449 1014 3502 autecessorum
1034 3452 1100 3517 apte

96 3529 127 3581 ct
144 3526 219 3581 clare
238 3523 390 3596 effingebat
406 3538 498 3591 pauca
516 3539 531 3576 e
551 3540 600 3578 suo
620 3526 767 3581 sententiis
787 3525 910 3593 antiquis
927 3525 1060 3582 inserens.
