2476 3914
332 165 373 220 De
391 164 637 221 indeclinabilibus
655 168 685 221 et
703 166 857 222 defectivis.
1058 168 1100 233 29

89 336 182 378 casus
206 316 238 375 id
260 335 369 376 nomen
388 316 432 375 ire
451 315 558 375 debere
580 317 784 393 conmeminit3
808 319 900 396 vulgo
924 321 1027 377 autem
1045 319 1101 379 hoc

91 407 168 485 gitti
187 405 301 465 dicunt.
333 406 436 482 itaque
455 408 492 465 ut
514 405 630 464 Plinius
654 407 798 466 sermonis
822 407 905 465 dubii
927 407 1100 467 1111191111Ι

161 496 214 556 Ch.
234 497 285 572 81,
302 497 344 553 24
364 494 576 554 Stomachus
596 495 689 554 etiam
706 496 737 553 in
756 495 893 570 pluribus
908 497 1103 574 singulariter

92 587 216 662 dicitur,
239 586 275 642 ut
298 584 342 642 ait
360 581 471 644 Oalvus
489 601 611 657 quorum
624 586 812 658 praedulcem
830 586 923 644 citum
941 587 1103 646 stomachus

89 679 171 751 ferre
192 692 253 733 uon
270 677 369 746 potest
1131 690 1144 731 s

163 762 216 823 Oh.
237 764 288 839 91,
307 763 348 821 26
373 761 436 819 Pix
464 760 658 838 singulariter
681 761 799 837 dicitur,
822 766 858 822 ut
881 763 924 822 ait
947 763 1043 822 Varro
1067 762 1104 823 de

95 851 295 914 similitudine
310 850 470 910 verborum
483 849 522 925 Π,
542 851 679 926 quamvis
694 851 846 929 Vergilius
860 852 970 911 dixerit
983 853 1104 911 Idaeos·

95 960 150 1018 que
166 944 248 1017 pices
271 942 439 1014 alpiscotiae
459 942 587 1012 morice
609 957 696 999 ceros.

163 1029 214 1090 Oh.
236 1030 286 1106 93,
302 1031 320 1088 3
332 1021 374 1109 (l)
388 1028 486 1086 Multa
500 1045 571 1087 sane
586 1028 783 1088 inveniuntur
797 1049 874 1107 quae
888 1031 973 1089 varia
987 1030 1103 1090 ratione

95 1119 247 1195 deficiant,
270 1136 347 1194 quae
371 1135 426 1176 suo
450 1136 569 1194 quoque
593 1117 684 1177 titulo
707 1119 863 1194 praedicte
886 1123 958 1180 sunt
980 1111 1032 1201 (cf.
1052 1117 1145 1180 Oh.1o

96 1229 125 1285 p.
145 1209 185 1268 31
199 1199 265 1289 sq.).
302 1206 363 1265 alia
391 1206 470 1265 enim
493 1206 704 1283 singularitate
728 1211 843 1285 carent,
870 1212 906 1268 ut
929 1211 999 1268 exta
1022 1228 1105 1267 arma

98 1300 198 1357 castra
221 1296 338 1355 moenia
360 1295 414 1353 ilia
437 1295 535 1354 scalae
555 1313 662 1371 scopae
682 1297 806 1355 cancelli
828 1298 962 1356 furfures
980 1298 1105 1374 nuptiae

96 1386 188 1463 freni,
218 1384 354 1462 quamvis
377 1383 531 1460 Vergilius
555 1384 663 1444 dixerit
684 1387 716 1444 ut
738 1387 854 1458 froccum
877 1389 1016 1460 99919999,
1045 1386 1106 1444 9119

95 1474 288 1552 pluralitate,
320 1475 355 1531 ut
386 1491 495 1550 garum
526 1474 626 1531 oleum
657 1474 762 1533 vinum
788 1474 902 1532 ferrum
928 1474 1015 1550 panis
1042 1475 1104 1532 fru-

96 1567 234 1623 mentum
257 1565 288 1621 et
310 1565 408 1620 cetera
433 1580 511 1637 quae
535 1562 572 1619 ad
599 1561 716 1637 pondus
739 1581 898 1621 numerum
911 1566 1105 1621 mensuram·
1120 1576 1145 1617 re

97 1671 156 1729 que
187 1651 375 1729 rediguntur.
425 1669 495 1708 nam
523 1650 603 1727 quod
631 1654 769 1710 auctores
797 1651 927 1711 dixerint
953 1652 1106 1711 frumenta

97 1742 210 1801 hordea
233 1741 332 1815 mella,
354 1758 415 1797 non
437 1757 490 1798 nos
513 1744 642 1800 moveat.
675 1741 763 1798 abusi
786 1745 858 1801 sunt
881 1741 960 1800 enim
983 1741 1106 1801 licentia

98 1829 271 1903 vetustatis,
290 1831 322 1888 et
339 1832 440 1887 tamen
455 1828 530 1888 alios
549 1847 636 1888 casus
656 1849 759 1888 eorum
778 1850 837 1890 non
855 1830 1105 1907 protulerunt...

166 1917 293 1995 01193,
314 1919 354 1977 18
464 1917 525 1976 alia
552 1921 654 1977 autem
682 1919 877 1996 singulariter
905 1919 1025 1996 quidem
1052 1939 1106 1995 per

97 2026 201 2069 omnes
220 2025 307 2067 casus
326 2006 521 2082 declinantur⁷
540 2006 592 2064 sed
604 2008 765 2082 pluraliter
781 2009 967 2068 nominativo
985 2011 1106 2067 tantum
1120 2023 1146 2062 ao

98 2100 131 2157 et
158 2096 329 2158 accusativo
359 2098 389 2153 et
416 2095 569 2171 vocativo,
602 2098 638 2154 ut
660 2097 767 2173 maria,
799 2116 883 2173 rura,
916 2115 998 2172 aera5
1026 2097 1106 2169 iura3

100 2185 239 2263 quamvis
258 2183 332 2244 Cato
352 2183 510 2261 Originum
533 2182 592 2240 VH
620 2184 759 2261 genetivo
783 2203 855 2242 casu
878 2184 987 2243 dixerit
1009 2187 1107 2243 trorum

100 2277 249 2350 lepramque
275 2276 396 2336 cultores
424 2275 455 2331 99
477 2271 636 2331 Lucretius
660 2272 790 2331 secundo
808 2274 969 2347 putebant
991 2275 1107 2333 ceritas

100 2381 179 2431 aero.
221 2363 282 2422 alia
308 2361 528 2422 nominativum
556 2364 586 2419 et
613 2359 780 2421 ablativum
803 2361 926 2438 habent,
954 2364 991 2421 ut
1011 2361 1107 2439 tabes,

100 2453 208 2530 pluris,
227 2453 329 2528 sireps.
362 2451 478 2509 faciunt
496 2443 617 2526 <enim>
637 2449 674 2508 ab
698 2450 754 2510 hac
773 2451 842 2510 tabe
866 2451 952 2527 pluro
977 2451 1107 2510 siremse.
1122 2463 1148 2505 as

100 2541 196 2602 Cinna
224 2545 326 2601 autem
352 2540 383 2598 in
408 2540 537 2616 Zmyrna
563 2539 654 2598 huius
677 2541 752 2600 totis
774 2540 850 2599 dixit
877 2541 961 2599 nullo
986 2544 1108 2600 auctore

99 2622 152 2712 (cf.
177 2629 228 2689 Oh.
250 2633 322 2706 120,
343 2631 399 2707 33,
425 2631 495 2700 135,
517 2632 549 2704 73
576 2630 647 2706 145,
668 2620 732 2709 31).

169 2718 221 2778 Oh.
242 2720 330 2796 96,7
364 2717 588 2777 Inimicitiae
617 2721 648 2777 et
678 2718 834 2778 insidiae
862 2718 1022 2795 pluraliter
1050 2718 1109 2777 dici

102 2807 224 2884 debent3
243 2808 297 2867 sed
311 2806 474 2866 Sallustius
490 2807 525 2866 de
539 2807 655 2866 insidiis
664 2811 765 2880 primo
779 2801 930 2886 inq<uit>‚
950 2811 980 2867 et
998 2807 1108 2867 Accius

102 2899 285 2957 tramittitur
308 2895 388 2956 dicit.
1123 2910 1150 2950 eo

169 2984 297 3062 01198,
319 2987 359 3043 14
392 2983 496 3044 Ostia
524 2985 621 3044 exitus
648 2984 806 3042 fluminum
833 2985 864 3043 in
892 3005 973 3044 mare
1000 2989 1109 3045 neutro

102 3171 225 3226 hibetur.
253 3171 314 3236 Qua
337 3173 424 3226 (1919
447 3172 477 3226 in
501 3172 564 3228 adn.
589 3170 625 3223 ad
653 3172 738 3239 caput
766 3170 800 3224 de
827 3169 930 3226 litteris
958 3173 1110 3225 tractatum

105 3246 157 3299 est,
184 3242 257 3298 Vide
271 3243 507 3311 1191119998.-
521 3247 554 3296 19
574 3240 622 3295 ch.
638 3246 680 3309 93,
696 3241 742 3312 18]
766 3240 889 3295 Plinium
907 3243 942 3296 de
961 3241 1110 3310 singulari-

102 3315 156 3369 bus
175 3316 206 3368 et
222 3315 294 3383 plur.
309 3315 428 3383 tantum,
450 3330 521 3383 quae
541 3330 592 3367 nos
606 3311 734 3381 dicimus,
749 3314 778 3366 et
792 3311 827 3367 de
841 3311 987 3368 defectivis
1007 3311 1111 3368 dixisse

103 3401 138 3440 ex
156 3385 209 3441 hoc
228 3384 320 3454 capite
339 3386 466 3455 apparet.
493 3383 534 3438 De
553 3385 652 3438 eadem
669 3399 699 3437 re
714 3383 853 3451 quaesivit
867 3383 969 3438 Caesar
987 3382 1017 3436 in
1030 3383 1110 3438 libris

104 3457 139 3511 de
154 3456 287 3525 analogia
301 3455 382 3526 (Gell.
396 3456 432 3510 N.
447 3457 479 3511 A.
494 3456 558 3510 XIX
572 3458 608 3525 8).
621 3486 658 3494 -
675 3458 709 3508 28
724 3454 945 3525 inimicitiae]
961 3453 1110 3510 Sallustius

105 3545 142 3582 sc.
161 3527 228 3583 hist.
246 3527 296 3583 lib.
314 3528 340 3581 ΙΙ
359 3527 444 3598 (Serv.
464 3528 501 3582 ad
518 3527 602 3597 Verg.
621 3542 682 3596 geo.
700 3526 728 3580 Il
747 3529 789 3596 98,
807 3527 875 3581 Aen.
894 3526 933 3580 XI
951 3529 1022 3596 896).
