2476 3914
99 208 106 219 .
152 158 217 213 XIV
435 157 688 212 Commentariolus
706 155 875 228 isagogicus.

154 298 353 355 similitudines
382 298 527 354 interest“.
564 299 605 353 De
629 298 763 352 Varronis
792 300 933 355 sententia
959 305 1054 358 tamen
1080 306 1164 375 plura

154 382 290 436 adnotare
308 380 415 449 liceret,
435 379 459 434 si
477 378 544 433 libri
563 395 632 447 quos
651 378 764 449 scripsit
783 381 833 436 ‘de
851 381 978 437 formulis
996 384 1160 440 verborum'

153 463 331 531 superessent
358 461 394 532 (X
412 463 468 529 33).
513 459 573 512 Iam
600 459 779 529 perspicuum
806 465 850 517 est
878 479 910 518 eo
942 466 1067 534 tempore
1098 483 1163 520 cum

152 541 303 611 Dionysius
325 541 419 595 Thrax
446 541 536 594 artem
563 556 643 593 suam
666 540 794 595 condidit
816 542 1016 612 schemateque
1039 545 1162 600 declina-

152 623 262 677 tionum
281 626 310 677 et
328 620 558 690 coniugationum
575 619 712 690 adiunxit,
726 622 866 677 Romanos
885 640 989 693 eorum,
1006 625 1056 693 qui
1075 626 1162 681 scien-

151 704 223 757 tiam
250 703 365 772 linguae
391 701 585 771 inquirebant,
614 700 743 756 claudere
776 718 885 770 agmen.
932 702 1049 758 Constat
1075 705 1162 775 igItur

151 784 306 838 Varronem
330 782 421 836 multa
444 780 594 835 aGreecis
618 779 759 851 didicisse,
783 781 873 836 multa
896 782 989 851 ipsum
1012 785 1161 856 invenisse,

152 865 202 920 sed
230 882 292 919 cum
320 879 371 917 sua
397 863 458 915 tum
484 861 599 931 linguae
626 860 735 915 latinae
756 866 858 917 natura
885 863 1054 931 perficiendo
1078 884 1162 936 opere

152 961 202 999 suo
221 960 282 998 esse
300 941 487 1013 prohibitum:
505 940 595 1010 ipsius
613 943 716 995 natura
734 958 798 995 eum
817 942 851 996 de
869 941 952 996 rebus
968 944 1049 1000 docte
1064 945 1159 1015 dispu-

150 1027 210 1079 tare
244 1023 368 1092 sinebat,
399 1021 523 1076 breviter
555 1019 733 1088 dilucideque
771 1037 830 1076 rem
863 1023 991 1077 omnibus
1024 1040 1161 1094 exponere

149 1104 277 1173 nolebat3
295 1103 395 1173 lingua
411 1103 502 1158 latina
520 1103 556 1157 ob
574 1101 680 1155 multas
699 1118 798 1156 causas
814 1103 850 1156 ad
865 1102 1033 1159 Graecorum
1046 1103 1160 1174 linguae

88 1258 93 1270 ·
149 1185 239 1239 instar
258 1199 287 1238 se
305 1181 415 1253 legibus
435 1180 584 1250 analogiae
602 1180 692 1236 subici
710 1199 766 1236 non
784 1199 869 1251 passa
888 1185 939 1239 est.

220 1263 347 1331 Denique
370 1261 400 1316 in
422 1262 474 1316 illa
497 1260 662 1329 quaestione
686 1261 721 1316 de
744 1261 877 1331 analogia
904 1267 933 1318 et
960 1264 1103 1318 anomalia
1127 1281 1159 1319 eo

148 1344 284 1414 pervenit,
304 1347 336 1397 ut
354 1359 409 1397 non
428 1342 596 1396 alterutram
614 1340 644 1394 in
662 1341 760 1420 lingua
774 1342 913 1398 dominari
926 1342 981 1397 sibi
995 1360 1160 1413 persuasum

148 1424 275 1494 haberet,
290 1424 340 1478 sed
353 1425 500 1490 utramque
514 1421 664 1491 imperium
677 1427 785 1492 tenere;
804 1424 923 1479 alteram
938 1424 1020 1479 alteri
1035 1425 1159 1480 subsidio

150 1522 210 1560 ease
230 1511 259 1560 et
276 1505 472 1560 emolumento.

220 1586 327 1639 Eodem
340 1584 398 1640 fere
413 1601 467 1652 quo
481 1583 570 1637 Varro
586 1586 711 1652 tempore
726 1583 839 1653 scripsit
851 1584 881 1640 P.
892 1584 1024 1653 Nigidius
1033 1584 1158 1653 Figulus,

147 1665 192 1720 vir
213 1680 318 1735 magna
340 1663 469 1719 doctrina
497 1665 526 1717 et
552 1662 705 1730 industria
732 1680 784 1717 nec
811 1665 907 1717 tamen
934 1664 977 1718 his
1005 1658 1157 1718 viantibus

147 1745 268 1799 multum
289 1743 421 1813 profecit:
444 1742 511 1797 libri
534 1742 594 1796 eius
617 1741 797 1811 grammatici
814 1742 941 1812 (XXXll)
964 1760 1021 1797 non
1043 1743 1158 1797 exibant

146 1824 176 1878 in
194 1824 295 1894 vulgus
309 1824 424 1892 propter
437 1821 640 1876 obscuritatem
659 1823 688 1876 et
706 1821 894 1876 subtilitatem
912 1838 1013 1878 rerum.
1039 1822 1158 1892 Scripsit

147 1906 182 1959 de
195 1904 249 1958 1100
262 1902 322 1958 viro
337 1905 402 1972 post
410 1902 554 1957 Hertzium
567 1904 596 1956 et
604 1899 786 1970 Roehrigium
795 1901 828 1955 Α.
840 1901 978 1956 Swoboda
986 1901 1017 1956 in
1025 1901 1098 1956 libro
1109 1904 1157 1970 qui

146 1983 309 2039 inscribitur
324 1983 355 2039 P.
369 1982 480 2054 Nigidii
493 1981 587 2052 Figuli
606 1980 687 2050 Oper.
706 1980 786 2048 reliq.
802 1987 879 2051 1889,
900 1983 975 2049 quod
993 1983 1157 2052 opusculum

148 2081 237 2134 aeque
251 2080 284 2131 00Ι
298 2062 479 2123 Wilmannsii
493 2062 563 2116 satis
576 2061 694 2115 laudare
708 2077 824 2128 nequeo.
849 2062 930 2128 Quod
943 2078 977 2117 ex
990 2062 1155 2133 fragmentis

146 2145 272 2200 conicere
291 2143 388 2212 liceat,
407 2144 498 2197 totum
516 2159 586 2211 opus
604 2159 661 2196 non
678 2140 726 2196 via
745 2158 777 2196 ac
795 2141 905 2197 ratione
928 2143 1086 2198 confectum
1105 2144 1156 2213 est,

147 2225 198 2279 sed
214 2225 293 2280 nullo
313 2223 428 2279 consilio
447 2222 571 2290 undique
590 2221 711 2276 materia
725 2226 769 2278 est
783 2227 925 2295 congesta,
939 2227 971 2278 ut
989 2223 1020 2277 in
1038 2223 1156 2278 diversis

147 2305 227 2359 libris
249 2305 365 2360 eaedem
383 2305 540 2359 tractentur
557 2319 610 2358 res.
647 2303 776 2358 Ceterum
793 2305 915 2359 multum
932 2304 1006 2360 inter
1029 2320 1058 2359 00
1078 2304 1156 2360 diffe·

145 2388 223 2453 runt,
241 2389 274 2440 ut
296 2386 326 2439 in
343 2385 363 2440 1.
381 2385 420 2438 IV
438 2383 579 2452 quaedam
602 2382 659 2437 sint
681 2384 892 2440 observationes
916 2386 951 2440 de
975 2385 1156 2453 synonymiae

145 2463 286 2531 doctrina,
305 2463 336 2517 in
353 2464 373 2518 1.
391 2463 430 2517 IX
450 2465 479 2517 et
496 2463 522 2516 X
541 2463 576 2517 de
593 2463 687 2517 verbis
705 2464 887 2535 incohativis,
905 2464 935 2518 111
956 2465 974 2520 1.
994 2466 1033 2518 XI
1052 2467 1087 2519 de
1106 2467 1156 2518 ad-

144 2542 255 2598 Iectivis
273 2543 303 2596 in
322 2560 404 2613 osas,
423 2542 453 2597 111
470 2542 595 2598 LXVIII
614 2543 649 2597 de
667 2543 753 2598 verbo
773 2543 990 2613 ‘tintinniendi’,
1008 2544 1038 2598 in
1056 2545 1074 2600 I.
1090 2545 1154 2598 XIX

145 2623 179 2678 de
203 2623 362 2678 differentia
383 2623 457 2678 inter
482 2623 544 2677 ‘fit’
570 2625 600 2677 et
624 2622 767 2693 ‘facitur’,
791 2623 821 2677 in
843 2624 861 2680 l.
881 2623 933 2677 XX
955 2624 991 2678 de
1012 2624 1153 2679 adverbiis

143 2702 173 2756 in
192 2705 253 2773 -a'm,
278 2701 344 2760 inl.
364 2703 455 2757 XXIII
474 2704 508 2757 de
526 2706 653 2773 tempore
670 2702 762 2773 verbi,
781 2703 811 2757 in
829 2703 848 2759 l.
866 2703 955 2758 XXIV
979 2704 1014 2758 de
1037 2707 1155 2759 accentu

144 2784 174 2837 et
191 2783 407 2853 orthographia,
431 2783 461 2837 in
483 2783 502 2838 1.
525 2783 601 2837 XXV
626 2783 661 2838 de
682 2784 775 2838 verbis
802 2783 937 2839 derivatis
959 2782 990 2837 in
1012 2785 1099 2852 -wra'o,
1125 2784 1155 2838 in

143 2862 162 2918 l.
182 2863 272 2917 XXIX
290 2865 325 2918 de
344 2866 436 2932 etymo
455 2863 655 2919 vocabulorum
675 2865 800 2919 ‘avarus’
822 2867 851 2919 et
870 2864 1028 2933 ‘locuples’.
1059 2863 1154 2918 Plera-

144 2958 198 3010 que
229 2943 390 3012 fragmenta
422 2943 596 3011 reliquerunt
623 2943 729 3000 Gellius
761 2948 791 3000 et
818 2944 933 2999 Nonius.
978 2943 1156 2999 Percurrenti

143 3021 230 3077 libros
251 3026 370 3092 apparet
387 3022 535 3093 Nigidium
553 3023 727 3092 quaesivisse
746 3026 781 3080 de
799 3023 958 3079 differentia
975 3024 1050 3079 inter
1070 3013 1153 3079 *00111-

142 3102 285 3172 1111011100’
320 3107 350 3158 01
378 3105 561 3174 ‘perpetuus’
591 3105 684 3176 (frgm.
706 3105 743 3176 I),
774 3104 848 3159 inter
880 3105 1094 3160 ‘vetustisoere’
1125 3107 1154 3158 et

145 3184 341 3238 ‘veterascere’
361 3183 453 3254 (frgm.
472 3184 530 3253 ΠΙ).
568 3183 659 3250 Quam
681 3183 838 3240 doctrinam
856 3185 989 3240 colebant
1006 3185 1063 3239 iam
1082 3184 1151 3237 Cato

144 3266 173 3318 01
190 3263 279 3317 Varro
303 3263 350 3333 (de
368 3263 506 3320 different.
525 3264 620 3333 script.
639 3264 689 3320 101.
708 3283 735 3334 p.
750 3268 787 3335 4).
823 3265 945 3321 Multum
968 3263 1153 3322 versabantur

143 3342 173 3397 in
195 3343 264 3414 ipsis
286 3344 432 3399 vocabulis
455 3344 625 3414 tractandis,
653 3347 682 3399 et
704 3344 822 3414 antiqua
844 3346 983 3401 vocabula
1004 3341 1152 3398 resuscita-

142 3423 213 3478 bant
241 3424 467 3495 (glossographi).
508 3424 580 3478 Tum
611 3425 648 3478 ad
680 3443 765 3479 unam
798 3426 920 3497 speciem
951 3423 1150 3480 vocabulorum

142 3503 237 3558 oculos
266 3506 479 3574 convertebant,
508 3505 629 3574 exempli
654 3505 748 3576 gratia
771 3507 865 3562 adea
888 3521 960 3574 quae
983 3503 1099 3560 exibant
1121 3501 1151 3558 in
