2476 3914
132 170 176 233 44
334 169 376 223 De
394 168 472 223 vitiis
491 167 633 224 orationis.
670 168 712 223 De
731 167 946 238 praepositione.
1011 169 1014 174 ’

385 375 474 446 XIII.
511 373 683 445 novitiis
712 374 889 445 orationis.

200 515 234 575 K.
254 515 298 573 IV
317 518 390 588 447,
411 518 429 576 5
456 508 567 597 (Servii
590 533 694 574 comm.
718 515 751 573 in
773 507 941 594 Donatum)
967 513 1146 584 Quaesitum

134 607 180 663 est
203 605 284 681 apud
301 604 436 664 Plinium
455 604 633 680 Secundum,
657 603 731 681 qnid
753 603 913 663 interesset
935 603 1146 682 interfiguras

134 697 164 752 et
186 693 269 753 vitia.
301 712 372 752 nam
395 713 464 753 cum
486 693 601 770 figurae
621 693 659 751 ad
678 694 819 751 ornatum
837 692 1045 770 adhibeantur,
1069 694 1145 754 vitia

106 783 276 860 evitentur,
296 783 401 842 eadem
419 785 523 842 autem
540 782 733 842 inveniantur
750 782 888 858 exempla
905 784 969 840 tam
987 781 1019 840 in
1037 780 1144 860 figuris

134 890 225 948 quam
247 872 279 929 in
297 871 389 948 vitiis,
412 871 502 930 debet
521 871 625 947 aliqua
644 888 707 929 esse
727 870 875 930 discretio.
907 870 1055 947 quidquid
1074 890 1145 949 ergo

134 960 261 1019 scientes
285 960 411 1018 facimus
434 959 579 1021 novitatis
603 959 713 1036 cupidi,
737 959 818 1036 quod
842 963 943 1018 tamen
968 959 1146 1019 idoneorum

134 1051 292 1108 auctorum
324 1048 462 1107 firmatur
494 1047 650 1125 exemplis,
687 1047 786 1124 figura
819 1048 936 1106 dicitur.
996 1048 1147 1127 quidquid

134 1139 236 1195 autem
268 1137 441 1214 ignorantes
469 1137 623 1214 ponimuS,
655 1137 765 1197 vitium
796 1139 932 1212 putatur.
969 1156 1040 1195 nam
1067 1139 1147 1197 sicut

94 1244 120 1284 ro
135 1225 273 1301 superius
301 1225 443 1304 diximus,
471 1221 540 1303 <si>
569 1225 665 1284 sciens
693 1226 760 1303 quis
788 1226 870 1285 dicat
892 1244 968 1300 pars
994 1229 1027 1285 ia
1049 1229 1147 1300 frusto

133 1319 231 1374 scooat
262 1317 293 1374 et
324 1334 414 1375 causa
446 1315 603 1376 varietatis
635 1314 691 1373 hoo
719 1314 812 1391 dicat,
844 1314 974 1393 figuram
1001 1315 1089 1391 facit3
1122 1316 1148 1374 si

135 1405 237 1462 autem
259 1404 386 1477 nescius,
410 1423 479 1463 cum
502 1404 586 1462 aliud
609 1403 683 1465 velit
702 1402 808 1478 dicere,
831 1405 995 1481 incongrue
1013 1403 1096 1463 inter
1114 1423 1145 1464 sc

134 1511 275 1552 numeros
298 1493 439 1564 iunxerit,
463 1493 672 1552 soloecismum
695 1492 801 1552 fecisse
825 1492 985 1552 iudicatur.

200 1581 236 1641 K.
252 1581 279 1638 V
296 1585 368 1659 292,
385 1584 423 1642 13
445 1574 563 1663 (Pomp.
578 1571 698 1662 comm.)
717 1581 833 1640 Plinius
852 1582 894 1641 sic
909 1581 991 1659 dicit,
1010 1575 1144 1658 ‘qnando

95 1686 121 1727 15
135 1670 175 1729 stt
194 1670 397 1747 soloecismus,
417 1671 537 1748 quando
557 1671 597 1729 sit
616 1670 748 1746 schema3
772 1671 836 1730 sola
854 1671 1064 1748 intellegentia
1083 1671 1146 1730 dis-

134 1753 250 1819 cernit'.
287 1759 350 1818 noli
372 1762 403 1818 te
425 1759 537 1817 referre
561 1758 599 1817 ad
621 1758 712 1834 illud,
737 1758 818 1836 quod
842 1758 970 1818 dinimus
994 1759 1030 1817 de
1049 1762 1144 1818 meta-

132 1847 265 1924 plasmis.
298 1866 368 1905 nam
387 1849 418 1907 et
435 1847 467 1905 in
481 1847 656 1906 soloecismo
675 1846 731 1904 hoc
746 1848 911 1924 quaeritur,
929 1849 1035 1906 utrum
1050 1848 1146 1908 sciens

134 1937 190 1996 hoc
213 1936 331 2013 fecerit,
354 1955 392 1994 an
415 1936 563 1995 nesciens:
586 1936 612 1994 si
635 1935 731 1994 sciens
754 1935 860 1995 fecerit
883 1937 942 1995 erit
965 1937 1098 2015 schema,
1122 1939 1147 1997 si

134 2025 269 2085 nesciens
288 2025 403 2103 fecerit,
421 2024 480 2084 erit
498 2025 699 2085 soloecismus.
733 2045 792 2107 qua
810 2024 947 2085 ratione?
974 2029 1051 2101 puta
1065 2020 1146 2102 ‘pars

94 2131 120 2171 ao
134 2115 167 2173 in
188 2115 288 2174 frusta.
310 2108 434 2174 secant’.

201 2203 237 2262 K.
251 2202 295 2262 IV
310 2206 383 2280 444,
395 2207 413 2264 3
430 2195 543 2285 (Servii
557 2222 661 2264 comm.
675 2205 708 2263 in
722 2197 889 2285 Donatum)
909 2202 1026 2262 Plinius
1044 2207 1147 2263 autem

135 2292 208 2352 dicit
230 2291 449 2352 barbarismum
472 2311 536 2352 esse
560 2312 727 2354 sermonem
748 2313 856 2366 unum,
884 2293 916 2350 in
938 2310 999 2370 quc
1022 2293 1068 2352 vis
1092 2312 1148 2352 sua

135 2385 181 2440 est
204 2384 308 2442 contra
331 2374 480 2441 naturam.
510 2382 714 2442 barbarIsmus
738 2385 840 2442 autem
863 2381 974 2440 dicitur
997 2399 1041 2453 ec,
1065 2383 1149 2459 quod

135 2470 255 2529 barbari
272 2489 364 2545 prave
382 2471 534 2548 locuntur,
553 2475 589 2530 ut
607 2471 688 2548 siqui
706 2472 787 2530 dicat
801 2471 930 2529 Rumam
947 2488 1002 2546 pro
1018 2470 1123 2531 Roma.

95 2576 121 2616 25
201 2559 237 2617 K.
256 2558 279 2614 V
295 2561 369 2634 283,
388 2561 425 2617 18
442 2551 560 2639 (Pomp.
576 2551 694 2638 comm.)
714 2560 755 2618 Et
773 2559 842 2619 vide
862 2557 952 2634 quem
971 2559 1147 2618 admodum

136 2647 281 2723 expressit
303 2647 433 2724 Plinius,
461 2647 650 2727 quambene
674 2650 705 2706 et
732 2649 848 2724 integre
876 2646 957 2706 dicit.
1004 2648 1147 2725 quidest

135 2733 358 2794 barbarismus?
395 2735 476 2813 quod
502 2755 562 2795 non
590 2735 701 2795 dicitur
727 2755 781 2812 per
808 2738 957 2795 naturam.
1004 2737 1148 2814 quidest

136 2822 349 2883 soloecismus?
388 2825 468 2901 quod
489 2825 567 2882 male
586 2844 640 2901 per
661 2829 757 2884 artem
775 2825 894 2884 dicitur.
935 2843 1005 2883 nam
1024 2845 1055 2884 re
1076 2846 1148 2887 vera

135 2912 338 2972 barbarismus
361 2932 415 2989 per
437 2916 577 2972 naturam
599 2932 659 2972 non
682 2915 782 2990 potest
805 2913 871 2973 dici.

95 3145 122 3184 so
414 3110 496 3180 XIV.
533 3111 580 3180 Ile
607 3110 868 3199 praeposItione.

203 3251 239 3312 K.
259 3249 318 3308 VII
342 3251 418 3325 355,
439 3253 481 3311 20
513 3243 661 3332 (Audacis
689 3245 842 3334 excerpta)
876 3253 991 3329 Super
1020 3272 1147 3330 praepo-

137 3341 277 3400 sitionem
299 3338 417 3397 Plinius
438 3338 591 3398 Secundus
616 3359 651 3398 ex
673 3340 720 3398 his
743 3341 840 3400 tribus
863 3342 1147 3420 praepositionibus,

135 3431 166 3488 id
191 3433 236 3489 est
259 3447 359 3506 supra,
383 3427 428 3503 de,
452 3428 491 3505 in,
515 3429 583 3489 uult
605 3427 714 3487 habere
734 3430 991 3508 significationem,
1014 3433 1050 3490 ut
1071 3434 1147 3506 puta

137 3537 230 3594 supra
251 3535 340 3577 socco
363 3519 463 3577 sedeas
480 3535 568 3592 super
586 3536 681 3586 orma,
705 3519 778 3577 item
796 3521 866 3578 socii
884 3519 1042 3578 mammem
1059 3537 1148 3591 super
